{"play_id":"2e62827a-c393-4a61-88ee-cb61aecf0275","build_version":"2020-01-27","seed_played":"-4252427871918718090","chose_seed":false,"seed_source_timestamp":2916744837233,"is_daily":false,"special_seed":null,"is_trial":false,"is_endless":false,"is_ascension_mode":true,"ascension_level":8,"neow_bonus":"THREE_ENEMY_KILL","neow_cost":"NONE","is_beta":false,"is_prod":false,"victory":false,"floor_reached":16,"score":232,"timestamp":1699198918,"local_time":"11/05/2023 15:41:58","playtime":352,"player_experience":312640,"master_deck":["Strike_P","Strike_P","Strike_P","Strike_P","Defend_P","Defend_P","Defend_P","Eruption","Vigilance","Tantrum+1","Decay","WreathOfFlame","WheelKick","Protect","Halt","Injury"],"relics":["PureWater","NeowsBlessing","Gambling Chip","Centennial Puzzle","Regal Pillow","Shovel","FossilizedHelix","Golden Idol","Juzu Bracelet"],"gold":292,"campfire_rested":0,"campfire_upgraded":1,"purchased_purges":0,"potions_floor_spawned":[10,11,12],"potions_floor_usage":[11,13],"current_hp_per_floor":[65,70,70,70,70,70,70,70,70,70,20,20,20,20,20,0],"max_hp_per_floor":[72,77,77,77,77,77,77,77,77,77,77,77,77,77,77,77],"gold_per_floor":[110,110,60,60,60,60,88,106,160,216,243,258,292,292,292,292],"path_per_floor":["M","?","?","$","?","R","E","M","T","?","E","M","E","?","R","B"],"path_taken":["M","?","?","$","?","R","E","?","T","?","E","M","E","?","R","BOSS"],"items_purchased":[],"item_purchase_floors":[],"items_purged":[],"items_purged_floors":[],"character_chosen":"WATCHER","card_choices":[{"picked":"Tantrum","not_picked":["Prostrate","WreathOfFlame"],"floor":1},{"picked":"WreathOfFlame","not_picked":["Crescendo","Fasting2"],"floor":7},{"picked":"WheelKick","not_picked":["BowlingBash","Meditate"],"floor":8},{"picked":"Protect","not_picked":["CutThroughFate","ThirdEye"],"floor":10},{"picked":"SKIP","not_picked":["Scrawl","EmptyBody","JustLucky"],"floor":11},{"picked":"Halt","not_picked":["Nirvana","SashWhip"],"floor":12},{"picked":"SKIP","not_picked":["JustLucky","Conclude","SashWhip"],"floor":13}],"event_choices":[{"event_name":"Big Fish","player_choice":"Donut","floor":2,"cards_obtained":null,"cards_removed":null,"cards_transformed":null,"cards_upgraded":null,"relics_obtained":null,"potions_obtained":null,"relics_lost":null,"damage_taken":0,"damage_healed":0,"max_hp_loss":0,"max_hp_gain":5,"gold_gain":0,"gold_loss":0},{"event_name":"The Cleric","player_choice":"Card Removal","floor":3,"cards_obtained":null,"cards_removed":["Defend_P"],"cards_transformed":null,"cards_upgraded":null,"relics_obtained":null,"potions_obtained":null,"relics_lost":null,"damage_taken":0,"damage_healed":0,"max_hp_loss":0,"max_hp_gain":0,"gold_gain":0,"gold_loss":50},{"event_name":"Wheel of Change","player_choice":"Cursed","floor":5,"cards_obtained":["Decay"],"cards_removed":null,"cards_transformed":null,"cards_upgraded":null,"relics_obtained":null,"potions_obtained":null,"relics_lost":null,"damage_taken":0,"damage_healed":0,"max_hp_loss":0,"max_hp_gain":0,"gold_gain":0,"gold_loss":0},{"event_name":"Dead Adventurer","player_choice":"Searched '1' times","floor":10,"cards_obtained":null,"cards_removed":null,"cards_transformed":null,"cards_upgraded":null,"relics_obtained":null,"potions_obtained":null,"relics_lost":null,"damage_taken":0,"damage_healed":0,"max_hp_loss":0,"max_hp_gain":0,"gold_gain":0,"gold_loss":0},{"event_name":"Golden Idol","player_choice":"Take Wound","floor":14,"cards_obtained":["Injury"],"cards_removed":null,"cards_transformed":null,"cards_upgraded":null,"relics_obtained":["Golden Idol"],"potions_obtained":null,"relics_lost":null,"damage_taken":0,"damage_healed":0,"max_hp_loss":0,"max_hp_gain":0,"gold_gain":0,"gold_loss":0}],"boss_relics":[],"damage_taken":[{"floor":1,"enemies":"Jaw Worm","damage":0,"turns":1},{"floor":7,"enemies":"3 Sentries","damage":0,"turns":1},{"floor":8,"enemies":"2 Louse","damage":0,"turns":1},{"floor":10,"enemies":"Gremlin Nob","damage":0,"turns":2},{"floor":11,"enemies":"Lagavulin","damage":50,"turns":4},{"floor":12,"enemies":"Cultist","damage":0,"turns":2},{"floor":13,"enemies":"Gremlin Nob","damage":0,"turns":2},{"floor":16,"enemies":"Hexaghost","damage":25,"turns":4}],"potions_obtained":[{"key":"SpeedPotion","floor":10},{"key":"AttackPotion","floor":11},{"key":"SmokeBomb","floor":12}],"relics_obtained":[{"key":"Gambling Chip","floor":7},{"key":"Centennial Puzzle","floor":9},{"key":"Regal Pillow","floor":10},{"key":"Shovel","floor":11},{"key":"FossilizedHelix","floor":13},{"key":"Juzu Bracelet","floor":15}],"campfire_choices":[{"floor":6,"key":"SMITH","data":"Tantrum"},{"floor":15,"key":"DIG"}],"circlet_count":0,"win_rate":0,"killed_by":"Hexaghost"}