{"play_id":"82c687d0-6b06-4e9e-a621-d65578339b99","build_version":"2020-01-27","seed_played":"-270038150055653677","chose_seed":false,"seed_source_timestamp":3046368224667,"is_daily":false,"special_seed":null,"is_trial":false,"is_endless":false,"is_ascension_mode":true,"ascension_level":8,"neow_bonus":"ONE_RANDOM_RARE_CARD","neow_cost":"NONE","is_beta":false,"is_prod":false,"victory":false,"floor_reached":27,"score":410,"timestamp":1699236853,"local_time":"11/06/2023 02:14:13","playtime":1231,"player_experience":315761,"master_deck":["Strike_P+1","Defend_P+1","Defend_P+1","Defend_P+1","Defend_P+1","Eruption","Vigilance","LessonLearned+1","ReachHeaven+1","ForeignInfluence+1","MasterReality+1","Consecrate","Swivel+1","DevaForm+1","BattleHymn","FearNoEvil+1"],"relics":["PureWater","Toy Ornithopter","War Paint","Potion Belt","Blue Candle","Ectoplasm","Regal Pillow","Mummified Hand"],"gold":56,"campfire_rested":1,"campfire_upgraded":3,"purchased_purges":2,"potions_floor_spawned":[1,11,14,16,21,24],"potions_floor_usage":[12,16,22,22,22,27],"current_hp_per_floor":[65,65,65,65,47,31,31,31,31,31,11,16,37,37,37,42,65,43,43,43,43,58,58,4,4,4,0],"max_hp_per_floor":[72,72,72,72,72,72,72,72,72,72,72,72,72,72,72,72,72,72,72,72,72,72,72,72,72,72,72],"gold_per_floor":[116,116,41,59,72,103,127,127,150,163,190,208,208,247,247,343,343,313,313,56,56,56,56,56,56,56,56],"path_per_floor":["M","?","$","M","M","E","T","R","T","M","E","M","R","M","R","B",null,"M","?","$","M","M","R","E","?","T","M"],"path_taken":["M","?","$","?","M","E","?","R","T","M","E","?","R","M","R","BOSS","M","?","$","M","M","R","E","?","T","?"],"items_purchased":["BattleHymn","FearNoEvil"],"item_purchase_floors":[20,20],"items_purged":["Strike_P","Strike_P"],"items_purged_floors":[3,20],"character_chosen":"WATCHER","card_choices":[{"picked":"ReachHeaven","not_picked":["Prostrate","Vengeance"],"floor":1},{"picked":"ForeignInfluence","not_picked":["Adaptation","FlurryOfBlows"],"floor":4},{"picked":"SKIP","not_picked":["FlurryOfBlows","CutThroughFate","CarveReality"],"floor":5},{"picked":"MasterReality","not_picked":["FlyingSleeves","JustLucky"],"floor":6},{"picked":"SKIP","not_picked":["ThirdEye","EmptyFist","FlyingSleeves"],"floor":10},{"picked":"Consecrate","not_picked":["Halt","Crescendo"],"floor":11},{"picked":"SKIP","not_picked":["FollowUp","Consecrate","SashWhip"],"floor":12},{"picked":"Swivel","not_picked":["Consecrate","ReachHeaven"],"floor":14},{"picked":"DevaForm","not_picked":["Establishment","Wish"],"floor":16},{"picked":"SKIP","not_picked":["CutThroughFate","CrushJoints","FlurryOfBlows"],"floor":18},{"picked":"SKIP","not_picked":["SashWhip","ClearTheMind","Sanctity"],"floor":21},{"picked":"SKIP","not_picked":["FlyingSleeves","CrushJoints","Fasting2"],"floor":22},{"picked":"SKIP","not_picked":["FlurryOfBlows+1","Protect","BowlingBash+1"],"floor":24}],"event_choices":[{"event_name":"Upgrade Shrine","player_choice":"Upgraded","floor":2,"cards_obtained":null,"cards_removed":null,"cards_transformed":null,"cards_upgraded":["LessonLearned"],"relics_obtained":null,"potions_obtained":null,"relics_lost":null,"damage_taken":0,"damage_healed":0,"max_hp_loss":0,"max_hp_gain":0,"gold_gain":0,"gold_loss":0},{"event_name":"Nest","player_choice":"Stole From Cult","floor":19,"cards_obtained":null,"cards_removed":null,"cards_transformed":null,"cards_upgraded":null,"relics_obtained":null,"potions_obtained":null,"relics_lost":null,"damage_taken":0,"damage_healed":0,"max_hp_loss":0,"max_hp_gain":0,"gold_gain":99,"gold_loss":0},{"event_name":"Back to Basics","player_choice":"Elegance","floor":25,"cards_obtained":null,"cards_removed":["Strike_P"],"cards_transformed":null,"cards_upgraded":null,"relics_obtained":null,"potions_obtained":null,"relics_lost":null,"damage_taken":0,"damage_healed":0,"max_hp_loss":0,"max_hp_gain":0,"gold_gain":0,"gold_loss":0}],"boss_relics":[{"picked":"Ectoplasm","not_picked":["Busted Crown","Sozu"]}],"damage_taken":[{"floor":1,"enemies":"Cultist","damage":0,"turns":3},{"floor":4,"enemies":"Small Slimes","damage":0,"turns":2},{"floor":5,"enemies":"Jaw Worm","damage":18,"turns":3},{"floor":6,"enemies":"3 Sentries","damage":16,"turns":5},{"floor":10,"enemies":"Exordium Wildlife","damage":0,"turns":3},{"floor":11,"enemies":"Lagavulin","damage":20,"turns":5},{"floor":12,"enemies":"Gremlin Gang","damage":0,"turns":3},{"floor":14,"enemies":"3 Louse","damage":0,"turns":2},{"floor":16,"enemies":"Slime Boss","damage":0,"turns":4},{"floor":18,"enemies":"2 Thieves","damage":22,"turns":2},{"floor":21,"enemies":"Spheric Guardian","damage":0,"turns":2},{"floor":22,"enemies":"Snake Plant","damage":0,"turns":2},{"floor":24,"enemies":"Book of Stabbing","damage":54,"turns":6},{"floor":27,"enemies":"Sentry and Sphere","damage":11,"turns":2}],"potions_obtained":[{"key":"BlessingOfTheForge","floor":1},{"key":"SpeedPotion","floor":11},{"key":"DuplicationPotion","floor":14},{"key":"FearPotion","floor":16},{"key":"Block Potion","floor":21},{"key":"StancePotion","floor":24}],"relics_obtained":[{"key":"Toy Ornithopter","floor":6},{"key":"War Paint","floor":7},{"key":"Potion Belt","floor":9},{"key":"Blue Candle","floor":11},{"key":"Regal Pillow","floor":24},{"key":"Mummified Hand","floor":26}],"campfire_choices":[{"floor":8,"key":"SMITH","data":"MasterReality"},{"floor":13,"key":"REST"},{"floor":15,"key":"SMITH","data":"Swivel"},{"floor":23,"key":"SMITH","data":"DevaForm"}],"circlet_count":0,"win_rate":0,"killed_by":"Sentry and Sphere"}