{"play_id":"7df4f154-e7d0-4d81-916d-a32833a58ea0","build_version":"2020-01-27","seed_played":"-1022821342371575614","chose_seed":false,"seed_source_timestamp":0,"is_daily":false,"special_seed":0,"is_trial":false,"is_endless":false,"is_ascension_mode":true,"ascension_level":8,"neow_bonus":"ONE_RANDOM_RARE_CARD","neow_cost":"NONE","is_beta":false,"is_prod":false,"victory":true,"floor_reached":51,"score":1248,"timestamp":1699595464,"local_time":"11/10/2023 05:51:04","playtime":2514,"player_experience":323026,"master_deck":["Strike_P","Strike_P","Strike_P","Defend_P","Eruption+1","Vigilance","Vault+1","CarveReality","Perseverance+1","Adaptation+1","DeceiveReality","Halt","CarveReality","MasterReality+1","Worship+1","BattleHymn+1","Devotion+1","ClearTheMind+1","ForeignInfluence+1","LikeWater","Fasting2"],"relics":["PureWater","Art of War","Meat on the Bone","Anchor","Philosopher's Stone","OrangePellets","Incense Burner","Centennial Puzzle","Ornamental Fan","Bottled Tornado","Black Star","Peace Pipe","Bronze Scales","Dream Catcher","Shuriken","Question Card","Lizard Tail","Smiling Mask","Girya","Singing Bowl","GoldenEye","Damaru","Blood Vial"],"gold":505,"campfire_rested":2,"campfire_upgraded":7,"purchased_purges":2,"potions_floor_spawned":[1,4,11,16,18,28,31,33,36,38,40],"potions_floor_usage":[],"current_hp_per_floor":[62,62,62,62,62,57,57,57,57,57,52,52,41,39,39,25,60,60,65,65,63,63,49,49,32,32,32,44,41,41,45,45,44,69,69,46,46,44,25,37,37,22,22,22,45,37,49,51,75,41],"max_hp_per_floor":[72,72,72,72,72,72,72,72,72,72,72,72,72,72,72,72,72,72,77,77,77,77,77,77,77,77,77,77,77,77,77,77,77,77,77,77,77,77,77,77,77,77,77,77,77,79,79,81,81,81],"gold_per_floor":[116,86,11,31,45,76,26,2,72,72,82,82,115,135,135,232,232,250,250,3,18,18,52,52,79,79,79,105,120,130,141,141,236,236,255,268,268,322,332,366,366,396,396,396,396,428,478,505,505,505],"path_per_floor":["M","?","$","M","M","E","?","$","T","R","M","R","E","M","R","B","ul","M","?","$","M","$","E","R","E","T","R","E","M","M","M","R","B","ul","M","M","?","?","M","E","R","E","T","T","R","E","?","E","R","B",null],"path_taken":["M","?","$","?","M","E","?","?","T","R","M","R","E","M","R","BOSS","M","?","$","?","?","E","R","E","T","R","E","M","M","M","R","BOSS","M","M","?","?","M","E","R","E","T","?","R","E","?","E","R","BOSS"],"items_purchased":["Halt","OrangePellets"],"item_purchase_floors":[8,20],"items_purged":["Strike_P","Defend_P"],"items_purged_floors":[3,20],"character_chosen":"WATCHER","card_choices":[{"picked":"CarveReality","not_picked":["SashWhip","PathToVictory"],"floor":1},{"picked":"Perseverance","not_picked":["FlurryOfBlows","CutThroughFate"],"floor":4},{"picked":"Adaptation","not_picked":["ClearTheMind","SignatureMove"],"floor":5},{"picked":"DeceiveReality","not_picked":["CarveReality","EmptyFist"],"floor":6},{"picked":"SKIP","not_picked":["Protect","JustLucky","Evaluate"],"floor":11},{"picked":"SKIP","not_picked":["Study","MentalFortress","Swivel"],"floor":13},{"picked":"CarveReality","not_picked":["Fasting2","Nirvana"],"floor":14},{"picked":"MasterReality","not_picked":["Blasphemy","Wish"],"floor":16},{"picked":"SKIP","not_picked":["FlurryOfBlows","EmptyBody","Collect+1"],"floor":18},{"picked":"SKIP","not_picked":["TalkToTheHand","Adaptation","Swivel"],"floor":21},{"picked":"SKIP","not_picked":["Alpha","BowlingBash","EmptyMind"],"floor":23},{"picked":"SKIP","not_picked":["Crescendo","Prostrate+1","Brilliance"],"floor":25},{"picked":"Worship","not_picked":["FollowUp+1","Consecrate"],"floor":28},{"picked":"BattleHymn+1","not_picked":["Halt","EmptyBody"],"floor":29},{"picked":"SKIP","not_picked":["SashWhip+1","Weave","Protect"],"floor":30},{"picked":"SKIP","not_picked":["PathToVictory+1","SandsOfTime","BowlingBash+1"],"floor":31},{"picked":"Devotion","not_picked":["SpiritShield","LessonLearned"],"floor":33},{"picked":"SKIP","not_picked":["EmptyBody+1","BowlingBash","Evaluate"],"floor":35},{"picked":"SKIP","not_picked":["Wallop","FlyingSleeves+1","Judgement"],"floor":36},{"picked":"SKIP","not_picked":["Tantrum+1","FlyingSleeves+1","ClearTheMind"],"floor":39},{"picked":"ClearTheMind+1","not_picked":["Scrawl","Prostrate+1"],"floor":40},{"picked":"ForeignInfluence+1","not_picked":["FearNoEvil+1","FlurryOfBlows+1"],"floor":42},{"picked":"Singing Bowl","not_picked":["Tantrum+1","Evaluate","Protect+1","Vengeance"],"floor":46},{"picked":"LikeWater","not_picked":["Crescendo+1","FlyingSleeves+1","Ragnarok"],"floor":47},{"picked":"Singing Bowl","not_picked":["Conclude+1","CutThroughFate","CarveReality","SashWhip+1"],"floor":48},{"picked":"Fasting2","not_picked":["JustLucky+1","Tantrum+1","PathToVictory+1"],"floor":49}],"event_choices":[{"event_name":"The Woman in Blue","player_choice":"Bought 2 Potions","floor":2,"cards_obtained":null,"cards_removed":null,"cards_transformed":null,"cards_upgraded":null,"relics_obtained":null,"potions_obtained":null,"relics_lost":null,"damage_taken":0,"damage_healed":0,"max_hp_loss":0,"max_hp_gain":0,"gold_gain":0,"gold_loss":0},{"event_name":"The Cleric","player_choice":"Card Removal","floor":7,"cards_obtained":null,"cards_removed":["Defend_P"],"cards_transformed":null,"cards_upgraded":null,"relics_obtained":null,"potions_obtained":null,"relics_lost":null,"damage_taken":0,"damage_healed":0,"max_hp_loss":0,"max_hp_gain":0,"gold_gain":0,"gold_loss":50},{"event_name":"Lab","player_choice":"Got Potions","floor":19,"cards_obtained":null,"cards_removed":null,"cards_transformed":null,"cards_upgraded":null,"relics_obtained":null,"potions_obtained":null,"relics_lost":null,"damage_taken":0,"damage_healed":0,"max_hp_loss":0,"max_hp_gain":0,"gold_gain":0,"gold_loss":0},{"event_name":"Falling","player_choice":"Removed Skill","floor":37,"cards_obtained":null,"cards_removed":["Defend_P"],"cards_transformed":null,"cards_upgraded":null,"relics_obtained":null,"potions_obtained":null,"relics_lost":null,"damage_taken":0,"damage_healed":0,"max_hp_loss":0,"max_hp_gain":0,"gold_gain":0,"gold_loss":0},{"event_name":"Mysterious Sphere","player_choice":"Fight","floor":38,"cards_obtained":null,"cards_removed":null,"cards_transformed":null,"cards_upgraded":null,"relics_obtained":null,"potions_obtained":null,"relics_lost":null,"damage_taken":0,"damage_healed":0,"max_hp_loss":0,"max_hp_gain":0,"gold_gain":0,"gold_loss":0},{"event_name":"MindBloom","player_choice":"Fight","floor":47,"cards_obtained":null,"cards_removed":null,"cards_transformed":null,"cards_upgraded":null,"relics_obtained":null,"potions_obtained":null,"relics_lost":null,"damage_taken":0,"damage_healed":0,"max_hp_loss":0,"max_hp_gain":0,"gold_gain":0,"gold_loss":0}],"boss_relics":[{"picked":"Philosopher's Stone","not_picked":["Ectoplasm","Sozu"]},{"picked":"Black Star","not_picked":["Tiny House","Fusion Hammer"]}],"damage_taken":[{"floor":1,"enemies":"Small Slimes","damage":3,"turns":5},{"floor":4,"enemies":"Cultist","damage":0,"turns":3},{"floor":5,"enemies":"Jaw Worm","damage":0,"turns":3},{"floor":6,"enemies":"3 Sentries","damage":5,"turns":4},{"floor":11,"enemies":"Exordium Wildlife","damage":5,"turns":4},{"floor":13,"enemies":"Lagavulin","damage":11,"turns":6},{"floor":14,"enemies":"Red Slaver","damage":2,"turns":3},{"floor":16,"enemies":"Hexaghost","damage":26,"turns":14},{"floor":18,"enemies":"Spheric Guardian","damage":0,"turns":2},{"floor":21,"enemies":"3 Byrds","damage":2,"turns":5},{"floor":23,"enemies":"Gremlin Leader","damage":26,"turns":6},{"floor":25,"enemies":"Slavers","damage":29,"turns":9},{"floor":28,"enemies":"Gremlin Leader","damage":0,"turns":5},{"floor":29,"enemies":"Snecko","damage":3,"turns":4},{"floor":30,"enemies":"Sentry and Sphere","damage":0,"turns":3},{"floor":31,"enemies":"Shelled Parasite and Fungi","damage":8,"turns":3},{"floor":33,"enemies":"Collector","damage":1,"turns":5},{"floor":35,"enemies":"Orb Walker","damage":0,"turns":3},{"floor":36,"enemies":"3 Darklings","damage":23,"turns":5},{"floor":38,"enemies":"2 Orb Walkers","damage":14,"turns":4},{"floor":39,"enemies":"Writhing Mass","damage":31,"turns":5},{"floor":40,"enemies":"Giant Head","damage":0,"turns":6},{"floor":42,"enemies":"Reptomancer","damage":27,"turns":4},{"floor":46,"enemies":"Nemesis","damage":22,"turns":8},{"floor":47,"enemies":"Mind Bloom Boss Battle","damage":0,"turns":3},{"floor":48,"enemies":"Giant Head","damage":0,"turns":6},{"floor":50,"enemies":"Donu and Deca","damage":36,"turns":7}],"potions_obtained":[{"key":"AttackPotion","floor":1},{"key":"PowerPotion","floor":2},{"key":"BottledMiracle","floor":2},{"key":"Strength Potion","floor":11},{"key":"Block Potion","floor":16},{"key":"FairyPotion","floor":18},{"key":"Fruit Juice","floor":19},{"key":"LiquidMemories","floor":19},{"key":"SkillPotion","floor":28},{"key":"SneckoOil","floor":31},{"key":"GamblersBrew","floor":33},{"key":"BlessingOfTheForge","floor":36},{"key":"Energy Potion","floor":38},{"key":"SpeedPotion","floor":40}],"relics_obtained":[{"key":"Art of War","floor":6},{"key":"Meat on the Bone","floor":9},{"key":"Anchor","floor":13},{"key":"Incense Burner","floor":23},{"key":"Centennial Puzzle","floor":25},{"key":"Ornamental Fan","floor":26},{"key":"Bottled Tornado","floor":28},{"key":"Peace Pipe","floor":38},{"key":"Bronze Scales","floor":40},{"key":"Dream Catcher","floor":40},{"key":"Shuriken","floor":42},{"key":"Question Card","floor":42},{"key":"Lizard Tail","floor":43},{"key":"Smiling Mask","floor":44},{"key":"Girya","floor":46},{"key":"Singing Bowl","floor":46},{"key":"GoldenEye","floor":47},{"key":"Damaru","floor":48},{"key":"Blood Vial","floor":48}],"campfire_choices":[{"floor":10,"key":"SMITH","data":"Adaptation"},{"floor":12,"key":"SMITH","data":"Eruption"},{"floor":15,"key":"SMITH","data":"Perseverance"},{"floor":24,"key":"SMITH","data":"MasterReality"},{"floor":27,"key":"SMITH","data":"Vault"},{"floor":32,"key":"SMITH","data":"Worship"},{"floor":41,"key":"SMITH","data":"Devotion"},{"floor":45,"key":"REST"},{"floor":49,"key":"REST"}],"circlet_count":0,"win_rate":0,"killed_by":null}