{"play_id":"f5db8cde-688c-4507-a556-5e60459278f8","build_version":"2020-01-27","seed_played":"8939843445726526005","chose_seed":false,"seed_source_timestamp":3416788397722,"is_daily":false,"special_seed":null,"is_trial":false,"is_endless":false,"is_ascension_mode":true,"ascension_level":8,"neow_bonus":"THREE_ENEMY_KILL","neow_cost":"NONE","is_beta":false,"is_prod":false,"victory":false,"floor_reached":48,"score":773,"timestamp":1699323303,"local_time":"11/07/2023 02:15:03","playtime":1970,"player_experience":320764,"master_deck":["Eruption+1","Vigilance+1","EmptyFist","InnerPeace+1","Prostrate+1","DevaForm+1","ReachHeaven+1","Alpha+1","Prostrate+1","ThirdEye+1","Sanctity+1","WindmillStrike+1","EmptyMind+1","JustLucky","LikeWater+1","ThirdEye+1","BattleHymn+1","Collect+1","Trip+1","WaveOfTheHand+1","InnerPeace+1"],"relics":["PureWater","NeowsBlessing","Toxic Egg 2","Lizard Tail","Frozen Egg 2","Mercury Hourglass","Busted Crown","Bottled Flame","Darkstone Periapt","Letter Opener","PreservedInsect","Pandora's Box","Medical Kit","Ice Cream","Art of War","Blue Candle"],"gold":74,"campfire_rested":5,"campfire_upgraded":3,"purchased_purges":2,"potions_floor_spawned":[4,6,13,14,18,20,21,33,35,38,39],"potions_floor_usage":[6,16,18,19,19,20,21,24,24,30,33,36,38,39],"current_hp_per_floor":[65,65,65,65,65,38,38,31,31,31,31,31,31,31,31,31,62,62,50,15,6,30,51,8,29,29,50,24,24,16,16,37,8,56,56,56,56,56,56,56,51,51,51,36,57,9,9,0],"max_hp_per_floor":[72,72,72,72,72,72,72,72,72,72,72,72,72,72,72,72,72,72,72,72,72,72,72,72,72,72,72,72,72,72,72,72,72,72,72,72,72,72,72,72,72,72,72,72,72,72,72,72],"gold_per_floor":[115,40,40,59,79,110,285,285,285,285,285,285,296,306,306,403,403,423,440,452,463,463,463,491,491,491,491,525,183,194,154,154,253,253,269,287,39,54,54,54,85,14,40,57,57,74,74,74],"path_per_floor":["M","$","?","M","M","E","?","?","T","T","R","?","M","M","R","B",null,"M","M","M","M","?","R","E","R","T","R","E","$","M","?","R","B",null,"M","M","$","M","M","R","E","$","T","M","R","M","T","?"],"path_taken":["M","$","?","?","M","E","?","?","T","?","R","?","M","M","R","BOSS","M","M","?","?","?","R","E","R","T","R","E","$","M","?","R","BOSS","M","M","$","M","M","R","E","$","T","M","R","M","?","?"],"items_purchased":["PreservedInsect","Sanctity+1","BottledMiracle","Trip+1","Medical Kit","InnerPeace+1"],"item_purchase_floors":[29,29,29,37,37,42],"items_purged":["Strike_P","Strike_P"],"items_purged_floors":[2,29],"character_chosen":"WATCHER","card_choices":[{"picked":"CutThroughFate","not_picked":["Evaluate","ThirdEye"],"floor":1},{"picked":"EmptyFist","not_picked":["FlurryOfBlows","Wireheading"],"floor":4},{"picked":"InnerPeace+1","not_picked":["BowlingBash","FlurryOfBlows"],"floor":5},{"picked":"Prostrate+1","not_picked":["Halt+1","ClearTheMind+1"],"floor":6},{"picked":"DevaForm+1","not_picked":["Meditate+1","Vengeance+1"],"floor":13},{"picked":"ReachHeaven","not_picked":["ThirdEye+1","Fasting2+1"],"floor":14},{"picked":"Alpha+1","not_picked":["Judgement+1","DevaForm+1"],"floor":16},{"picked":"Prostrate+1","not_picked":[],"floor":18},{"picked":"SKIP","not_picked":["Nirvana+1"],"floor":19},{"picked":"SKIP","not_picked":["FlyingSleeves"],"floor":20},{"picked":"SKIP","not_picked":["WindmillStrike"],"floor":21},{"picked":"ThirdEye+1","not_picked":[],"floor":24},{"picked":"SKIP","not_picked":["Collect+1"],"floor":28},{"picked":"SKIP","not_picked":["BattleHymn+1"],"floor":30},{"picked":"SKIP","not_picked":["FollowUp+1"],"floor":35},{"picked":"Collect+1","not_picked":[],"floor":36},{"picked":"SKIP","not_picked":["WaveOfTheHand+1"],"floor":38},{"picked":"WaveOfTheHand+1","not_picked":[],"floor":38},{"picked":"SKIP","not_picked":["DeceiveReality+1"],"floor":41},{"picked":"SKIP","not_picked":["Halt+1"],"floor":44},{"picked":"SKIP","not_picked":["BowlingBash"],"floor":46}],"event_choices":[{"event_name":"WeMeetAgain","player_choice":"Gave Card","floor":3,"cards_obtained":null,"cards_removed":["CutThroughFate"],"cards_transformed":null,"cards_upgraded":null,"relics_obtained":["Toxic Egg 2"],"potions_obtained":null,"relics_lost":null,"damage_taken":0,"damage_healed":0,"max_hp_loss":0,"max_hp_gain":0,"gold_gain":0,"gold_loss":0},{"event_name":"Liars Game","player_choice":"AGREE","floor":7,"cards_obtained":["Doubt"],"cards_removed":null,"cards_transformed":null,"cards_upgraded":null,"relics_obtained":null,"potions_obtained":null,"relics_lost":null,"damage_taken":0,"damage_healed":0,"max_hp_loss":0,"max_hp_gain":0,"gold_gain":175,"gold_loss":0},{"event_name":"Golden Wing","player_choice":"Card Removal","floor":8,"cards_obtained":null,"cards_removed":["Doubt"],"cards_transformed":null,"cards_upgraded":null,"relics_obtained":null,"potions_obtained":null,"relics_lost":null,"damage_taken":7,"damage_healed":0,"max_hp_loss":0,"max_hp_gain":0,"gold_gain":0,"gold_loss":0},{"event_name":"Accursed Blacksmith","player_choice":"Forge","floor":12,"cards_obtained":null,"cards_removed":null,"cards_transformed":null,"cards_upgraded":["Vigilance"],"relics_obtained":null,"potions_obtained":null,"relics_lost":null,"damage_taken":0,"damage_healed":0,"max_hp_loss":0,"max_hp_gain":0,"gold_gain":0,"gold_loss":0},{"event_name":"The Library","player_choice":"Heal","floor":22,"cards_obtained":null,"cards_removed":null,"cards_transformed":null,"cards_upgraded":null,"relics_obtained":null,"potions_obtained":null,"relics_lost":null,"damage_taken":0,"damage_healed":24,"max_hp_loss":0,"max_hp_gain":0,"gold_gain":0,"gold_loss":0},{"event_name":"The Woman in Blue","player_choice":"Bought 3 Potions","floor":31,"cards_obtained":null,"cards_removed":null,"cards_transformed":null,"cards_upgraded":null,"relics_obtained":null,"potions_obtained":null,"relics_lost":null,"damage_taken":0,"damage_healed":0,"max_hp_loss":0,"max_hp_gain":0,"gold_gain":0,"gold_loss":0},{"event_name":"Mysterious Sphere","player_choice":"Fight","floor":48,"cards_obtained":null,"cards_removed":null,"cards_transformed":null,"cards_upgraded":null,"relics_obtained":null,"potions_obtained":null,"relics_lost":null,"damage_taken":0,"damage_healed":0,"max_hp_loss":0,"max_hp_gain":0,"gold_gain":0,"gold_loss":0}],"boss_relics":[{"picked":"Busted Crown","not_picked":["Velvet Choker","Snecko Eye"]},{"picked":"Pandora's Box","not_picked":["Calling Bell","Runic Pyramid"]}],"damage_taken":[{"floor":1,"enemies":"Small Slimes","damage":0,"turns":1},{"floor":4,"enemies":"Cultist","damage":0,"turns":1},{"floor":5,"enemies":"Jaw Worm","damage":0,"turns":1},{"floor":6,"enemies":"Lagavulin","damage":27,"turns":7},{"floor":13,"enemies":"3 Louse","damage":0,"turns":2},{"floor":14,"enemies":"2 Fungi Beasts","damage":0,"turns":3},{"floor":16,"enemies":"Slime Boss","damage":0,"turns":4},{"floor":18,"enemies":"Spheric Guardian","damage":0,"turns":3},{"floor":19,"enemies":"2 Thieves","damage":12,"turns":2},{"floor":20,"enemies":"Snake Plant","damage":35,"turns":4},{"floor":21,"enemies":"Centurion and Healer","damage":9,"turns":3},{"floor":24,"enemies":"Slavers","damage":43,"turns":3},{"floor":28,"enemies":"Gremlin Leader","damage":26,"turns":5},{"floor":30,"enemies":"Shelled Parasite and Fungi","damage":8,"turns":3},{"floor":33,"enemies":"Collector","damage":29,"turns":6},{"floor":35,"enemies":"Orb Walker","damage":0,"turns":4},{"floor":36,"enemies":"3 Shapes","damage":0,"turns":3},{"floor":38,"enemies":"Maw","damage":0,"turns":5},{"floor":39,"enemies":"Sphere and 2 Shapes","damage":0,"turns":1},{"floor":41,"enemies":"Giant Head","damage":5,"turns":5},{"floor":44,"enemies":"Transient","damage":63,"turns":5},{"floor":46,"enemies":"Jaw Worm Horde","damage":48,"turns":3},{"floor":48,"enemies":"2 Orb Walkers","damage":18,"turns":1}],"potions_obtained":[{"key":"Swift Potion","floor":4},{"key":"SteroidPotion","floor":6},{"key":"EntropicBrew","floor":13},{"key":"Fire Potion","floor":14},{"key":"DistilledChaos","floor":18},{"key":"Swift Potion","floor":20},{"key":"AttackPotion","floor":21},{"key":"BlessingOfTheForge","floor":31},{"key":"CultistPotion","floor":31},{"key":"Dexterity Potion","floor":33},{"key":"Fire Potion","floor":35},{"key":"SmokeBomb","floor":38}],"relics_obtained":[{"key":"Lizard Tail","floor":6},{"key":"Frozen Egg 2","floor":9},{"key":"Mercury Hourglass","floor":10},{"key":"Bottled Flame","floor":24},{"key":"Darkstone Periapt","floor":26},{"key":"Letter Opener","floor":28},{"key":"Ice Cream","floor":41},{"key":"Art of War","floor":43},{"key":"Blue Candle","floor":47}],"campfire_choices":[{"floor":11,"key":"SMITH","data":"Eruption"},{"floor":15,"key":"SMITH","data":"ReachHeaven"},{"floor":23,"key":"REST"},{"floor":25,"key":"REST"},{"floor":27,"key":"REST"},{"floor":32,"key":"REST"},{"floor":40,"key":"SMITH","data":"WindmillStrike"},{"floor":45,"key":"REST"}],"circlet_count":0,"win_rate":0,"killed_by":"2 Orb Walkers"}