{"play_id":"0aaae1ab-e28a-4637-a893-3e1d1839c841","build_version":"2020-01-27","seed_played":"-6395298211237776477","chose_seed":false,"seed_source_timestamp":2912669393612,"is_daily":false,"special_seed":null,"is_trial":false,"is_endless":false,"is_ascension_mode":true,"ascension_level":8,"neow_bonus":"ONE_RANDOM_RARE_CARD","neow_cost":"NONE","is_beta":false,"is_prod":false,"victory":false,"floor_reached":12,"score":123,"timestamp":1699198552,"local_time":"11/05/2023 15:35:52","playtime":393,"player_experience":312247,"master_deck":["Strike_P","Strike_P","Strike_P","Strike_P","Defend_P","Defend_P","Eruption","Vigilance","DeusExMachina","BowlingBash+1","Swivel","Vengeance","ClearTheMind","EmptyBody","ForeignInfluence","Devotion"],"relics":["PureWater","Bottled Flame","Peace Pipe","Pantograph"],"gold":301,"campfire_rested":1,"campfire_upgraded":1,"purchased_purges":0,"potions_floor_spawned":[2,3,8],"potions_floor_usage":[4],"current_hp_per_floor":[63,52,52,52,45,31,31,14,14,35,35,0],"max_hp_per_floor":[72,72,72,72,72,72,72,72,72,72,72,72],"gold_per_floor":[114,132,144,160,160,186,186,220,301,301,301,301],"path_per_floor":["M","M","M","M","?","E","R","E","T","R","?","E"],"path_taken":["M","M","M","?","?","E","R","E","T","R","?","E"],"items_purchased":[],"item_purchase_floors":[],"items_purged":[],"items_purged_floors":[],"character_chosen":"WATCHER","card_choices":[{"picked":"BowlingBash","not_picked":["FollowUp","Crescendo"],"floor":1},{"picked":"Swivel","not_picked":["SashWhip","FlyingSleeves"],"floor":2},{"picked":"Vengeance","not_picked":["BowlingBash","Protect"],"floor":3},{"picked":"ClearTheMind","not_picked":["SashWhip","Consecrate"],"floor":4},{"picked":"SKIP","not_picked":["EmptyBody","Halt","CutThroughFate"],"floor":6},{"picked":"EmptyBody","not_picked":["Halt","CutThroughFate"],"floor":6},{"picked":"ForeignInfluence","not_picked":["FlyingSleeves","EmptyFist"],"floor":8}],"event_choices":[{"event_name":"Golden Wing","player_choice":"Card Removal","floor":5,"cards_obtained":null,"cards_removed":["Defend_P"],"cards_transformed":null,"cards_upgraded":null,"relics_obtained":null,"potions_obtained":null,"relics_lost":null,"damage_taken":7,"damage_healed":0,"max_hp_loss":0,"max_hp_gain":0,"gold_gain":0,"gold_loss":0},{"event_name":"Transmorgrifier","player_choice":"Transformed","floor":11,"cards_obtained":["Devotion"],"cards_removed":null,"cards_transformed":["Defend_P"],"cards_upgraded":null,"relics_obtained":null,"potions_obtained":null,"relics_lost":null,"damage_taken":0,"damage_healed":0,"max_hp_loss":0,"max_hp_gain":0,"gold_gain":0,"gold_loss":0}],"boss_relics":[],"damage_taken":[{"floor":1,"enemies":"Cultist","damage":2,"turns":3},{"floor":2,"enemies":"Small Slimes","damage":11,"turns":3},{"floor":3,"enemies":"Jaw Worm","damage":0,"turns":3},{"floor":4,"enemies":"Red Slaver","damage":0,"turns":1},{"floor":6,"enemies":"Lagavulin","damage":14,"turns":6},{"floor":8,"enemies":"3 Sentries","damage":17,"turns":4},{"floor":12,"enemies":"Gremlin Nob","damage":38,"turns":3}],"potions_obtained":[{"key":"Ambrosia","floor":2},{"key":"Energy Potion","floor":3},{"key":"Strength Potion","floor":8}],"relics_obtained":[{"key":"Bottled Flame","floor":6},{"key":"Peace Pipe","floor":8},{"key":"Pantograph","floor":9}],"campfire_choices":[{"floor":7,"key":"SMITH","data":"BowlingBash"},{"floor":10,"key":"REST"}],"circlet_count":0,"win_rate":0,"killed_by":"Gremlin Nob"}