{"play_id":"67162a84-7f2b-4f31-9a80-d662ee4db1f2","build_version":"2020-01-27","seed_played":"-5836369808672585586","chose_seed":false,"seed_source_timestamp":3368893535446,"is_daily":false,"special_seed":null,"is_trial":false,"is_endless":false,"is_ascension_mode":true,"ascension_level":8,"neow_bonus":"ONE_RARE_RELIC","neow_cost":"PERCENT_DAMAGE","is_beta":false,"is_prod":false,"victory":false,"floor_reached":10,"score":87,"timestamp":1699293814,"local_time":"11/06/2023 18:03:34","playtime":360,"player_experience":320404,"master_deck":["Strike_P","Strike_P","Strike_P","Strike_P","Defend_P+1","Defend_P","Defend_P","Eruption","Vigilance","Prostrate+1","Wallop"],"relics":["PureWater","Shovel","Mango","Lantern","Toy Ornithopter","Centennial Puzzle","Damaru"],"gold":42,"campfire_rested":0,"campfire_upgraded":0,"purchased_purges":1,"potions_floor_spawned":[1],"potions_floor_usage":[7],"current_hp_per_floor":[45,45,47,47,30,30,1,1,1,0],"max_hp_per_floor":[72,72,86,86,86,86,86,86,86,86],"gold_per_floor":[113,63,63,238,238,238,269,42,42,42],"path_per_floor":["M","?","?","?","?","R","E","$","T","E"],"path_taken":["M","?","?","?","?","R","E","$","T","E"],"items_purchased":["Centennial Puzzle"],"item_purchase_floors":[8],"items_purged":["Doubt"],"items_purged_floors":[8],"character_chosen":"WATCHER","card_choices":[{"picked":"Prostrate","not_picked":["Indignation","Meditate"],"floor":1},{"picked":"Wallop","not_picked":["EmptyBody","ReachHeaven"],"floor":7}],"event_choices":[{"event_name":"The Cleric","player_choice":"Card Removal","floor":2,"cards_obtained":null,"cards_removed":["Defend_P"],"cards_transformed":null,"cards_upgraded":null,"relics_obtained":null,"potions_obtained":null,"relics_lost":null,"damage_taken":0,"damage_healed":0,"max_hp_loss":0,"max_hp_gain":0,"gold_gain":0,"gold_loss":50},{"event_name":"Scrap Ooze","player_choice":"Success","floor":3,"cards_obtained":null,"cards_removed":null,"cards_transformed":null,"cards_upgraded":null,"relics_obtained":["Mango"],"potions_obtained":null,"relics_lost":null,"damage_taken":12,"damage_healed":0,"max_hp_loss":0,"max_hp_gain":0,"gold_gain":0,"gold_loss":0},{"event_name":"Liars Game","player_choice":"AGREE","floor":4,"cards_obtained":["Doubt"],"cards_removed":null,"cards_transformed":null,"cards_upgraded":null,"relics_obtained":null,"potions_obtained":null,"relics_lost":null,"damage_taken":0,"damage_healed":0,"max_hp_loss":0,"max_hp_gain":0,"gold_gain":175,"gold_loss":0},{"event_name":"Shining Light","player_choice":"Entered Light","floor":5,"cards_obtained":null,"cards_removed":null,"cards_transformed":null,"cards_upgraded":["Prostrate","Defend_P"],"relics_obtained":null,"potions_obtained":null,"relics_lost":null,"damage_taken":17,"damage_healed":0,"max_hp_loss":0,"max_hp_gain":0,"gold_gain":0,"gold_loss":0}],"boss_relics":[],"damage_taken":[{"floor":1,"enemies":"Jaw Worm","damage":2,"turns":3},{"floor":7,"enemies":"Lagavulin","damage":29,"turns":8},{"floor":10,"enemies":"Gremlin Nob","damage":27,"turns":2}],"potions_obtained":[{"key":"Fire Potion","floor":1}],"relics_obtained":[{"key":"Lantern","floor":6},{"key":"Toy Ornithopter","floor":7},{"key":"Damaru","floor":9}],"campfire_choices":[{"floor":6,"key":"DIG"}],"circlet_count":0,"win_rate":0,"killed_by":"Gremlin Nob"}