{"play_id":"fd9c6f36-6ae7-4dc8-af0f-0fa890df8920","build_version":"2020-01-27","seed_played":"-1969385020724190097","chose_seed":false,"seed_source_timestamp":3001898444347,"is_daily":false,"special_seed":null,"is_trial":false,"is_endless":false,"is_ascension_mode":true,"ascension_level":8,"neow_bonus":"REMOVE_CARD","neow_cost":"NONE","is_beta":false,"is_prod":false,"victory":false,"floor_reached":31,"score":357,"timestamp":1699220584,"local_time":"11/05/2023 21:43:04","playtime":1168,"player_experience":313668,"master_deck":["Strike_P","Strike_P","Defend_P","Defend_P","Defend_P","Eruption+1","Vigilance+1","EmptyFist","CutThroughFate","BattleHymn","SignatureMove","PathToVictory+1","Meditate+1","WreathOfFlame","Judgement+1","PathToVictory","WreathOfFlame+1","LikeWater+1"],"relics":["PureWater","Nunchaku","Omamori","MealTicket","Bag of Preparation","Calling Bell","Centennial Puzzle","Frozen Egg 2","Calipers","Mummified Hand","Juzu Bracelet"],"gold":132,"campfire_rested":1,"campfire_upgraded":5,"purchased_purges":1,"potions_floor_spawned":[1,3,11,19,27],"potions_floor_usage":[7,8,14,20,27,31],"current_hp_per_floor":[65,65,65,65,65,65,57,55,55,33,26,16,37,37,37,7,56,48,48,36,36,51,51,39,39,39,23,23,23,23,0],"max_hp_per_floor":[72,72,72,72,72,72,72,72,72,72,72,72,72,72,72,72,72,72,72,72,72,72,72,72,72,72,72,72,72,72,72],"gold_per_floor":[112,14,25,25,125,125,155,174,229,257,267,299,299,311,311,407,407,421,440,452,452,41,41,61,61,114,132,132,132,132,132],"path_per_floor":["M","$","M","$","?","R","E","M","T","E","M","E","R","M","R","B",null,"M","M","M","?","$","R","M","R","T","M","R","?","?","E"],"path_taken":["M","$","M","$","?","R","E","M","T","E","?","E","R","M","R","BOSS","M","M","?","?","$","R","M","R","T","M","R","?","?","E"],"items_purchased":["CutThroughFate","BattleHymn","Mummified Hand","ColorlessPotion","Strength Potion"],"item_purchase_floors":[2,2,22,22,22],"items_purged":["Strike_P"],"items_purged_floors":[22],"character_chosen":"WATCHER","card_choices":[{"picked":"EmptyFist","not_picked":["Nirvana","ClearTheMind"],"floor":1},{"picked":"SignatureMove","not_picked":["Prostrate","Evaluate"],"floor":3},{"picked":"SKIP","not_picked":["Prostrate","EmptyBody","SashWhip"],"floor":7},{"picked":"PathToVictory","not_picked":["Blasphemy","Swivel"],"floor":8},{"picked":"Meditate","not_picked":["SignatureMove","Blasphemy"],"floor":10},{"picked":"SKIP","not_picked":["FlyingSleeves","WindmillStrike","Prostrate"],"floor":11},{"picked":"WreathOfFlame","not_picked":["CutThroughFate","ThirdEye"],"floor":12},{"picked":"SKIP","not_picked":["SandsOfTime","JustLucky","SashWhip"],"floor":14},{"picked":"Judgement","not_picked":["Brilliance","Devotion"],"floor":16},{"picked":"SKIP","not_picked":["JustLucky","FlyingSleeves+1","MentalFortress+1"],"floor":18},{"picked":"SKIP","not_picked":["Crescendo","SashWhip","BattleHymn+1"],"floor":19},{"picked":"PathToVictory","not_picked":["Tantrum","FlyingSleeves"],"floor":20},{"picked":"WreathOfFlame+1","not_picked":["TalkToTheHand","CrushJoints"],"floor":24},{"picked":"LikeWater+1","not_picked":["LessonLearned","ReachHeaven"],"floor":27}],"event_choices":[{"event_name":"Wheel of Change","player_choice":"Gold","floor":5,"cards_obtained":null,"cards_removed":null,"cards_transformed":null,"cards_upgraded":null,"relics_obtained":null,"potions_obtained":null,"relics_lost":null,"damage_taken":0,"damage_healed":0,"max_hp_loss":0,"max_hp_gain":0,"gold_gain":100,"gold_loss":0},{"event_name":"Back to Basics","player_choice":"Elegance","floor":21,"cards_obtained":null,"cards_removed":["Strike_P"],"cards_transformed":null,"cards_upgraded":null,"relics_obtained":null,"potions_obtained":null,"relics_lost":null,"damage_taken":0,"damage_healed":0,"max_hp_loss":0,"max_hp_gain":0,"gold_gain":0,"gold_loss":0},{"event_name":"Vampires","player_choice":"Ignored","floor":29,"cards_obtained":null,"cards_removed":null,"cards_transformed":null,"cards_upgraded":null,"relics_obtained":null,"potions_obtained":null,"relics_lost":null,"damage_taken":0,"damage_healed":0,"max_hp_loss":0,"max_hp_gain":0,"gold_gain":0,"gold_loss":0},{"event_name":"Cursed Tome","player_choice":"Ignored","floor":30,"cards_obtained":null,"cards_removed":null,"cards_transformed":null,"cards_upgraded":null,"relics_obtained":null,"potions_obtained":null,"relics_lost":null,"damage_taken":0,"damage_healed":0,"max_hp_loss":0,"max_hp_gain":0,"gold_gain":0,"gold_loss":0}],"boss_relics":[{"picked":"Calling Bell","not_picked":["Velvet Choker","SlaversCollar"]}],"damage_taken":[{"floor":1,"enemies":"2 Louse","damage":0,"turns":2},{"floor":3,"enemies":"Cultist","damage":0,"turns":2},{"floor":7,"enemies":"Gremlin Nob","damage":8,"turns":3},{"floor":8,"enemies":"Small Slimes","damage":2,"turns":2},{"floor":10,"enemies":"Lagavulin","damage":22,"turns":5},{"floor":11,"enemies":"2 Fungi Beasts","damage":7,"turns":3},{"floor":12,"enemies":"Gremlin Nob","damage":10,"turns":3},{"floor":14,"enemies":"Looter","damage":0,"turns":1},{"floor":16,"enemies":"The Guardian","damage":30,"turns":9},{"floor":18,"enemies":"3 Byrds","damage":8,"turns":4},{"floor":19,"enemies":"Spheric Guardian","damage":0,"turns":2},{"floor":20,"enemies":"3 Cultists","damage":12,"turns":3},{"floor":24,"enemies":"Chosen and Byrds","damage":12,"turns":3},{"floor":27,"enemies":"Snake Plant","damage":16,"turns":2},{"floor":31,"enemies":"Book of Stabbing","damage":28,"turns":2}],"potions_obtained":[{"key":"LiquidMemories","floor":1},{"key":"ColorlessPotion","floor":3},{"key":"SteroidPotion","floor":11},{"key":"ColorlessPotion","floor":19},{"key":"FearPotion","floor":27}],"relics_obtained":[{"key":"Nunchaku","floor":7},{"key":"Omamori","floor":9},{"key":"MealTicket","floor":10},{"key":"Bag of Preparation","floor":12},{"key":"Centennial Puzzle","floor":17},{"key":"Frozen Egg 2","floor":17},{"key":"Calipers","floor":17},{"key":"Juzu Bracelet","floor":26}],"campfire_choices":[{"floor":6,"key":"SMITH","data":"Eruption"},{"floor":13,"key":"REST"},{"floor":15,"key":"SMITH","data":"PathToVictory"},{"floor":23,"key":"SMITH","data":"Judgement"},{"floor":25,"key":"SMITH","data":"Meditate"},{"floor":28,"key":"SMITH","data":"Vigilance"}],"circlet_count":0,"win_rate":0,"killed_by":"Book of Stabbing"}