{"play_id":"387e655a-e17d-4c32-a762-69bb67e57467","build_version":"2020-01-27","seed_played":"3418385500957567959","chose_seed":false,"seed_source_timestamp":2987488442877,"is_daily":false,"special_seed":null,"is_trial":false,"is_endless":false,"is_ascension_mode":true,"ascension_level":8,"neow_bonus":"THREE_ENEMY_KILL","neow_cost":"NONE","is_beta":false,"is_prod":false,"victory":false,"floor_reached":23,"score":361,"timestamp":1699219313,"local_time":"11/05/2023 21:21:53","playtime":676,"player_experience":312992,"master_deck":["Strike_P","Strike_P","Defend_P","Defend_P","Defend_P","Defend_P","Eruption+1","Vigilance","SandsOfTime+1","ClearTheMind","PathToVictory+1","Establishment","LikeWater","WheelKick","Writhe"],"relics":["PureWater","NeowsBlessing","Unceasing Top","Mercury Hourglass","Art of War","Cursed Key","Regal Pillow","Pen Nib"],"gold":11,"campfire_rested":0,"campfire_upgraded":3,"purchased_purges":2,"potions_floor_spawned":[3,16],"potions_floor_usage":[16],"current_hp_per_floor":[65,65,65,58,58,58,58,51,51,56,56,56,56,56,56,56,72,58,58,58,58,58,0],"max_hp_per_floor":[72,72,72,72,72,72,72,72,72,77,77,77,77,77,77,77,77,77,77,77,77,77,77],"gold_per_floor":[118,118,128,128,2,30,30,30,57,57,57,68,243,143,143,243,243,263,118,118,11,11,11],"path_per_floor":["M","?","M","?","$","E","R","?","T","?","R","M","?","$","R","B",null,"M","$","?","$","?","E"],"path_taken":["M","?","?","?","$","E","R","?","T","?","R","M","?","$","R","BOSS","M","$","?","$","?","E"],"items_purchased":["PathToVictory","Regal Pillow","LikeWater","WheelKick"],"item_purchase_floors":[5,19,21,21],"items_purged":["Strike_P","Doubt"],"items_purged_floors":[5,14],"character_chosen":"WATCHER","card_choices":[{"picked":"SandsOfTime","not_picked":["ThirdEye","JustLucky"],"floor":1},{"picked":"ClearTheMind","not_picked":["SashWhip","Halt"],"floor":3},{"picked":"SKIP","not_picked":["DeceiveReality","ReachHeaven","WaveOfTheHand"],"floor":6},{"picked":"SKIP","not_picked":["FlyingSleeves","EmptyBody","JustLucky"],"floor":12},{"picked":"Establishment","not_picked":["Ragnarok","Judgement"],"floor":16},{"picked":"SKIP","not_picked":["JustLucky","SashWhip+1","SandsOfTime"],"floor":18}],"event_choices":[{"event_name":"Match and Keep!","player_choice":"0 cards matched","floor":2,"cards_obtained":[],"cards_removed":null,"cards_transformed":null,"cards_upgraded":null,"relics_obtained":null,"potions_obtained":null,"relics_lost":null,"damage_taken":0,"damage_healed":0,"max_hp_loss":0,"max_hp_gain":0,"gold_gain":0,"gold_loss":0},{"event_name":"Scrap Ooze","player_choice":"Success","floor":4,"cards_obtained":null,"cards_removed":null,"cards_transformed":null,"cards_upgraded":null,"relics_obtained":["Unceasing Top"],"potions_obtained":null,"relics_lost":null,"damage_taken":7,"damage_healed":0,"max_hp_loss":0,"max_hp_gain":0,"gold_gain":0,"gold_loss":0},{"event_name":"Golden Wing","player_choice":"Card Removal","floor":8,"cards_obtained":null,"cards_removed":["Strike_P"],"cards_transformed":null,"cards_upgraded":null,"relics_obtained":null,"potions_obtained":null,"relics_lost":null,"damage_taken":7,"damage_healed":0,"max_hp_loss":0,"max_hp_gain":0,"gold_gain":0,"gold_loss":0},{"event_name":"Big Fish","player_choice":"Donut","floor":10,"cards_obtained":null,"cards_removed":null,"cards_transformed":null,"cards_upgraded":null,"relics_obtained":null,"potions_obtained":null,"relics_lost":null,"damage_taken":0,"damage_healed":0,"max_hp_loss":0,"max_hp_gain":5,"gold_gain":0,"gold_loss":0},{"event_name":"Liars Game","player_choice":"AGREE","floor":13,"cards_obtained":["Doubt"],"cards_removed":null,"cards_transformed":null,"cards_upgraded":null,"relics_obtained":null,"potions_obtained":null,"relics_lost":null,"damage_taken":0,"damage_healed":0,"max_hp_loss":0,"max_hp_gain":0,"gold_gain":175,"gold_loss":0},{"event_name":"Vampires","player_choice":"Ignored","floor":20,"cards_obtained":null,"cards_removed":null,"cards_transformed":null,"cards_upgraded":null,"relics_obtained":null,"potions_obtained":null,"relics_lost":null,"damage_taken":0,"damage_healed":0,"max_hp_loss":0,"max_hp_gain":0,"gold_gain":0,"gold_loss":0},{"event_name":"The Mausoleum","player_choice":"Opened","floor":22,"cards_obtained":["Writhe"],"cards_removed":null,"cards_transformed":null,"cards_upgraded":null,"relics_obtained":["Pen Nib"],"potions_obtained":null,"relics_lost":null,"damage_taken":0,"damage_healed":0,"max_hp_loss":0,"max_hp_gain":0,"gold_gain":0,"gold_loss":0}],"boss_relics":[{"picked":"Cursed Key","not_picked":["HolyWater","Philosopher's Stone"]}],"damage_taken":[{"floor":1,"enemies":"Small Slimes","damage":0,"turns":1},{"floor":3,"enemies":"Cultist","damage":0,"turns":1},{"floor":6,"enemies":"Lagavulin","damage":0,"turns":1},{"floor":12,"enemies":"2 Louse","damage":0,"turns":2},{"floor":16,"enemies":"Slime Boss","damage":0,"turns":6},{"floor":18,"enemies":"Shell Parasite","damage":14,"turns":5},{"floor":23,"enemies":"Slavers","damage":63,"turns":1}],"potions_obtained":[{"key":"Fire Potion","floor":3},{"key":"BottledMiracle","floor":16}],"relics_obtained":[{"key":"Mercury Hourglass","floor":6},{"key":"Art of War","floor":9}],"campfire_choices":[{"floor":7,"key":"SMITH","data":"SandsOfTime"},{"floor":11,"key":"SMITH","data":"PathToVictory"},{"floor":15,"key":"SMITH","data":"Eruption"}],"circlet_count":0,"win_rate":0,"killed_by":"Slavers"}