{"play_id":"174145a8-6a83-4f09-a7b7-4692b8c17962","build_version":"2020-01-27","seed_played":"-611242352061562889","chose_seed":false,"seed_source_timestamp":94743101697,"is_daily":false,"special_seed":null,"is_trial":false,"is_endless":false,"is_ascension_mode":true,"ascension_level":9,"neow_bonus":"ONE_RANDOM_RARE_CARD","neow_cost":"NONE","is_beta":false,"is_prod":false,"victory":false,"floor_reached":7,"score":57,"timestamp":1700440970,"local_time":"11/20/2023 00:42:50","playtime":253,"player_experience":365189,"master_deck":["Strike_P","Strike_P","Strike_P","Strike_P","Defend_P","Defend_P","Defend_P","Defend_P+1","Eruption+1","Vigilance","Wish+1","Prostrate"],"relics":["PureWater"],"gold":263,"campfire_rested":0,"campfire_upgraded":1,"purchased_purges":0,"potions_floor_spawned":[],"potions_floor_usage":[],"current_hp_per_floor":[46,32,21,45,45,45,0],"max_hp_per_floor":[72,72,72,72,72,72,72],"gold_per_floor":[143,143,218,218,233,233,263],"path_per_floor":["M","?","?","?","M","R","E"],"path_taken":["M","?","?","?","M","R","E"],"items_purchased":[],"item_purchase_floors":[],"items_purged":[],"items_purged_floors":[],"character_chosen":"WATCHER","card_choices":[{"picked":"Prostrate","not_picked":["ReachHeaven","WheelKick"],"floor":1},{"picked":"SKIP","not_picked":["SashWhip","JustLucky","FollowUp"],"floor":5}],"event_choices":[{"event_name":"Shining Light","player_choice":"Entered Light","floor":2,"cards_obtained":null,"cards_removed":null,"cards_transformed":null,"cards_upgraded":["Eruption","Defend_P"],"relics_obtained":null,"potions_obtained":null,"relics_lost":null,"damage_taken":14,"damage_healed":0,"max_hp_loss":0,"max_hp_gain":0,"gold_gain":0,"gold_loss":0},{"event_name":"World of Goop","player_choice":"Gather Gold","floor":3,"cards_obtained":null,"cards_removed":null,"cards_transformed":null,"cards_upgraded":null,"relics_obtained":null,"potions_obtained":null,"relics_lost":null,"damage_taken":11,"damage_healed":0,"max_hp_loss":0,"max_hp_gain":0,"gold_gain":75,"gold_loss":0},{"event_name":"Big Fish","player_choice":"Banana","floor":4,"cards_obtained":null,"cards_removed":null,"cards_transformed":null,"cards_upgraded":null,"relics_obtained":null,"potions_obtained":null,"relics_lost":null,"damage_taken":0,"damage_healed":24,"max_hp_loss":0,"max_hp_gain":0,"gold_gain":0,"gold_loss":0}],"boss_relics":[],"damage_taken":[{"floor":1,"enemies":"2 Louse","damage":19,"turns":4},{"floor":5,"enemies":"Small Slimes","damage":0,"turns":4},{"floor":7,"enemies":"Gremlin Nob","damage":58,"turns":5}],"potions_obtained":[],"relics_obtained":[],"campfire_choices":[{"floor":6,"key":"SMITH","data":"Wish"}],"circlet_count":0,"win_rate":0,"killed_by":"Gremlin Nob"}