{"play_id":"d66dd57c-4c2c-4292-8836-3c49b511a3bd","build_version":"2020-01-27","seed_played":"-2426177042078403934","chose_seed":false,"seed_source_timestamp":2973793258757,"is_daily":false,"special_seed":null,"is_trial":false,"is_endless":false,"is_ascension_mode":true,"ascension_level":9,"neow_bonus":"RANDOM_COLORLESS_2","neow_cost":"TEN_PERCENT_HP_LOSS","is_beta":false,"is_prod":false,"victory":false,"floor_reached":10,"score":96,"timestamp":1700182548,"local_time":"11/17/2023 00:55:48","playtime":407,"player_experience":360308,"master_deck":["Strike_P","Strike_P","Strike_P","Strike_P","Defend_P","Defend_P","Defend_P","Defend_P","Eruption","Vigilance","HandOfGreed+1","InnerPeace","Vengeance"],"relics":["PureWater","Nunchaku","Smiling Mask","Bag of Marbles"],"gold":200,"campfire_rested":0,"campfire_upgraded":1,"purchased_purges":1,"potions_floor_spawned":[4,6],"potions_floor_usage":[6,10],"current_hp_per_floor":[65,65,70,68,68,45,38,38,38,0],"max_hp_per_floor":[65,65,70,70,70,70,70,70,70,70],"gold_per_floor":[156,331,331,369,105,158,175,175,200,200],"path_per_floor":["M","?","?","M","$","E","M","R","T","E"],"path_taken":["M","?","?","?","$","E","M","R","T","E"],"items_purchased":["Nunchaku","InnerPeace"],"item_purchase_floors":[5,5],"items_purged":["Doubt"],"items_purged_floors":[5],"character_chosen":"WATCHER","card_choices":[{"picked":"HandOfGreed","not_picked":["Violence","Secret Weapon"],"floor":0},{"picked":"SKIP","not_picked":["Consecrate","ReachHeaven","EmptyFist"],"floor":1},{"picked":"SKIP","not_picked":["SashWhip","FlurryOfBlows","CutThroughFate"],"floor":4},{"picked":"SKIP","not_picked":["Consecrate","Judgement","InnerPeace"],"floor":6},{"picked":"Vengeance","not_picked":["CarveReality","InnerPeace"],"floor":7}],"event_choices":[{"event_name":"Liars Game","player_choice":"AGREE","floor":2,"cards_obtained":["Doubt"],"cards_removed":null,"cards_transformed":null,"cards_upgraded":null,"relics_obtained":null,"potions_obtained":null,"relics_lost":null,"damage_taken":0,"damage_healed":0,"max_hp_loss":0,"max_hp_gain":0,"gold_gain":175,"gold_loss":0},{"event_name":"Big Fish","player_choice":"Donut","floor":3,"cards_obtained":null,"cards_removed":null,"cards_transformed":null,"cards_upgraded":null,"relics_obtained":null,"potions_obtained":null,"relics_lost":null,"damage_taken":0,"damage_healed":0,"max_hp_loss":0,"max_hp_gain":5,"gold_gain":0,"gold_loss":0}],"boss_relics":[],"damage_taken":[{"floor":1,"enemies":"2 Louse","damage":0,"turns":3},{"floor":4,"enemies":"Jaw Worm","damage":2,"turns":4},{"floor":6,"enemies":"Gremlin Nob","damage":23,"turns":4},{"floor":7,"enemies":"Small Slimes","damage":7,"turns":3},{"floor":10,"enemies":"3 Sentries","damage":39,"turns":5}],"potions_obtained":[{"key":"BlessingOfTheForge","floor":4},{"key":"Weak Potion","floor":6}],"relics_obtained":[{"key":"Smiling Mask","floor":6},{"key":"Bag of Marbles","floor":9}],"campfire_choices":[{"floor":8,"key":"SMITH","data":"HandOfGreed"}],"circlet_count":0,"win_rate":0,"killed_by":"3 Sentries"}