{"play_id":"355893b0-2654-45b2-87b3-fca0207cbe38","build_version":"2020-01-27","seed_played":"6235815400175540469","chose_seed":false,"seed_source_timestamp":0,"is_daily":false,"special_seed":0,"is_trial":false,"is_endless":false,"is_ascension_mode":true,"ascension_level":9,"neow_bonus":"BOSS_RELIC","neow_cost":"NONE","is_beta":false,"is_prod":false,"victory":false,"floor_reached":39,"score":622,"timestamp":1700252642,"local_time":"11/17/2023 20:24:02","playtime":1713,"player_experience":361757,"master_deck":["Strike_P+1","Strike_P","Defend_P","Defend_P","Defend_P","Eruption+1","Vigilance+1","PathToVictory+1","BattleHymn+1","WheelKick+1","ThirdEye","Protect+1","Vault","Meditate+1","CurseOfTheBell","LessonLearned","LikeWater+1"],"relics":["Empty Cage","Blood Vial","Lantern","Bottled Flame","Fusion Hammer","Mummified Hand","Membership Card","Bird Faced Urn","Frozen Egg 2","Torii","Calling Bell","Pen Nib","Kunai","Unceasing Top","Pear"],"gold":112,"campfire_rested":2,"campfire_upgraded":4,"purchased_purges":1,"potions_floor_spawned":[7,11,18,21,31,33],"potions_floor_usage":[],"current_hp_per_floor":[65,51,51,51,51,51,51,33,33,33,29,29,47,49,49,30,62,49,49,43,45,28,7,7,11,11,3,3,24,26,29,50,6,56,52,52,41,51,0],"max_hp_per_floor":[72,72,72,72,72,72,72,72,72,72,72,72,72,72,72,72,72,72,72,72,72,72,72,72,72,72,72,72,72,72,72,72,72,72,72,72,72,82,82],"gold_per_floor":[118,118,43,54,54,54,72,101,147,147,172,172,137,152,152,253,253,269,269,269,283,293,328,10,25,25,44,3,3,30,50,50,151,151,166,166,178,112,112],"path_per_floor":["M","?","$","M","$","R","M","E","T","R","E","R","?","M","R","B","ul","M","?","?","M","M","E","$","M","T","M","$","R","E","M","R","B","ul","M","?","M","?","M"],"path_taken":["M","?","$","M","$","R","M","E","T","R","E","R","?","M","R","BOSS","M","?","?","M","M","E","$","M","T","?","$","R","E","M","R","BOSS","M","?","?","?","M"],"items_purchased":["Membership Card","Bird Faced Urn","PowerPotion","Vault"],"item_purchase_floors":[24,24,24,28],"items_purged":["Strike_P"],"items_purged_floors":[3],"character_chosen":"WATCHER","card_choices":[{"picked":"PathToVictory","not_picked":["CrushJoints","Halt"],"floor":1},{"picked":"BattleHymn","not_picked":["Adaptation","EmptyBody"],"floor":4},{"picked":"WheelKick","not_picked":["Tantrum","WreathOfFlame"],"floor":7},{"picked":"SKIP","not_picked":["Consecrate","Vengeance","EmptyBody"],"floor":8},{"picked":"SKIP","not_picked":["FlyingSleeves","DevaForm","JustLucky"],"floor":11},{"picked":"SKIP","not_picked":["JustLucky","Evaluate","BowlingBash"],"floor":14},{"picked":"SKIP","not_picked":["CrushJoints","Prostrate","Indignation"],"floor":18},{"picked":"ThirdEye","not_picked":["Crescendo","Prostrate"],"floor":21},{"picked":"SKIP","not_picked":["Nirvana","Indignation","BowlingBash"],"floor":22},{"picked":"Protect","not_picked":["EmptyBody","CutThroughFate"],"floor":23},{"picked":"SKIP","not_picked":["EmptyBody","CutThroughFate","FlurryOfBlows"],"floor":25},{"picked":"SKIP","not_picked":["Prostrate","FollowUp","FlyingSleeves"],"floor":27},{"picked":"SKIP","not_picked":["Alpha","BowlingBash+1","Vengeance+1"],"floor":30},{"picked":"Meditate","not_picked":["Evaluate","FlyingSleeves+1"],"floor":31},{"picked":"SKIP","not_picked":["Evaluate+1","BowlingBash+1","Indignation"],"floor":35},{"picked":"LikeWater+1","not_picked":["JustLucky","EmptyBody"],"floor":37}],"event_choices":[{"event_name":"Shining Light","player_choice":"Entered Light","floor":2,"cards_obtained":null,"cards_removed":null,"cards_transformed":null,"cards_upgraded":["PathToVictory","Vigilance"],"relics_obtained":null,"potions_obtained":null,"relics_lost":null,"damage_taken":14,"damage_healed":0,"max_hp_loss":0,"max_hp_gain":0,"gold_gain":0,"gold_loss":0},{"event_name":"The Cleric","player_choice":"Healed","floor":13,"cards_obtained":null,"cards_removed":null,"cards_transformed":null,"cards_upgraded":null,"relics_obtained":null,"potions_obtained":null,"relics_lost":null,"damage_taken":0,"damage_healed":18,"max_hp_loss":0,"max_hp_gain":0,"gold_gain":0,"gold_loss":35},{"event_name":"Ghosts","player_choice":"Ignored","floor":19,"cards_obtained":null,"cards_removed":null,"cards_transformed":null,"cards_upgraded":null,"relics_obtained":null,"potions_obtained":null,"relics_lost":null,"damage_taken":0,"damage_healed":0,"max_hp_loss":0,"max_hp_gain":0,"gold_gain":0,"gold_loss":0},{"event_name":"Knowing Skull","player_choice":"","floor":20,"cards_obtained":[],"cards_removed":null,"cards_transformed":null,"cards_upgraded":null,"relics_obtained":null,"potions_obtained":[],"relics_lost":null,"damage_taken":6,"damage_healed":0,"max_hp_loss":0,"max_hp_gain":0,"gold_gain":0,"gold_loss":0},{"event_name":"Match and Keep!","player_choice":"1 cards matched","floor":36,"cards_obtained":["LessonLearned"],"cards_removed":null,"cards_transformed":null,"cards_upgraded":null,"relics_obtained":null,"potions_obtained":null,"relics_lost":null,"damage_taken":0,"damage_healed":0,"max_hp_loss":0,"max_hp_gain":0,"gold_gain":0,"gold_loss":0},{"event_name":"WeMeetAgain","player_choice":"Paid Gold","floor":38,"cards_obtained":null,"cards_removed":null,"cards_transformed":null,"cards_upgraded":null,"relics_obtained":["Pear"],"potions_obtained":null,"relics_lost":null,"damage_taken":0,"damage_healed":0,"max_hp_loss":0,"max_hp_gain":0,"gold_gain":0,"gold_loss":66}],"boss_relics":[{"picked":"Fusion Hammer","not_picked":["SacredBark","VioletLotus"]},{"picked":"Calling Bell","not_picked":["Runic Dome","Coffee Dripper"]}],"damage_taken":[{"floor":1,"enemies":"Small Slimes","damage":0,"turns":2},{"floor":4,"enemies":"Jaw Worm","damage":0,"turns":3},{"floor":7,"enemies":"2 Louse","damage":0,"turns":2},{"floor":8,"enemies":"Lagavulin","damage":18,"turns":6},{"floor":11,"enemies":"Gremlin Nob","damage":6,"turns":3},{"floor":14,"enemies":"Red Slaver","damage":0,"turns":2},{"floor":16,"enemies":"Hexaghost","damage":21,"turns":7},{"floor":18,"enemies":"2 Thieves","damage":15,"turns":3},{"floor":21,"enemies":"Chosen","damage":0,"turns":2},{"floor":22,"enemies":"Centurion and Healer","damage":19,"turns":4},{"floor":23,"enemies":"Gremlin Leader","damage":23,"turns":4},{"floor":25,"enemies":"Shelled Parasite and Fungi","damage":2,"turns":3},{"floor":27,"enemies":"3 Cultists","damage":12,"turns":3},{"floor":30,"enemies":"Book of Stabbing","damage":2,"turns":5},{"floor":31,"enemies":"Cultist and Chosen","damage":1,"turns":4},{"floor":33,"enemies":"Automaton","damage":140,"turns":11},{"floor":35,"enemies":"Orb Walker","damage":8,"turns":3},{"floor":37,"enemies":"3 Shapes","damage":15,"turns":5},{"floor":39,"enemies":"Sphere and 2 Shapes","damage":55,"turns":3}],"potions_obtained":[{"key":"Weak Potion","floor":7},{"key":"SpeedPotion","floor":11},{"key":"EssenceOfSteel","floor":18},{"key":"FairyPotion","floor":21},{"key":"SmokeBomb","floor":31},{"key":"BlessingOfTheForge","floor":33}],"relics_obtained":[{"key":"Blood Vial","floor":8},{"key":"Lantern","floor":9},{"key":"Bottled Flame","floor":11},{"key":"Mummified Hand","floor":23},{"key":"Frozen Egg 2","floor":26},{"key":"Torii","floor":30},{"key":"Pen Nib","floor":34},{"key":"Kunai","floor":34},{"key":"Unceasing Top","floor":34}],"campfire_choices":[{"floor":6,"key":"SMITH","data":"BattleHymn"},{"floor":10,"key":"SMITH","data":"Eruption"},{"floor":12,"key":"SMITH","data":"WheelKick"},{"floor":15,"key":"SMITH","data":"Strike_P"},{"floor":29,"key":"REST"},{"floor":32,"key":"REST"}],"circlet_count":0,"win_rate":0,"killed_by":"Sphere and 2 Shapes"}