{"play_id":"9a87c15c-de4b-4667-9f2f-582ddc878211","build_version":"2020-01-27","seed_played":"-9004230074546252488","chose_seed":false,"seed_source_timestamp":97418617827,"is_daily":false,"special_seed":null,"is_trial":false,"is_endless":false,"is_ascension_mode":true,"ascension_level":9,"neow_bonus":"THREE_ENEMY_KILL","neow_cost":"NONE","is_beta":false,"is_prod":false,"victory":false,"floor_reached":24,"score":338,"timestamp":1700444283,"local_time":"11/20/2023 01:38:03","playtime":1366,"player_experience":365442,"master_deck":["Strike_P","Defend_P","Defend_P","Eruption","Vigilance","SashWhip+1","ThirdEye","Alpha","Collect","Indignation","Meditate","BattleHymn","Establishment","ReachHeaven","EmptyFist","WheelKick","MasterReality","Pray"],"relics":["HolyWater","NeowsBlessing","Unceasing Top","Bottled Flame","Letter Opener","Torii","Vajra","StrikeDummy","Red Mask"],"gold":61,"campfire_rested":1,"campfire_upgraded":1,"purchased_purges":1,"potions_floor_spawned":[1,6,13,16,18,20,21],"potions_floor_usage":[16,16,18,20,23,23,23],"current_hp_per_floor":[65,65,54,54,54,54,54,54,54,44,33,32,24,17,38,2,58,36,36,4,4,4,3,0],"max_hp_per_floor":[72,72,72,72,72,72,72,72,72,72,72,72,72,72,72,77,77,77,77,77,77,77,77,77],"gold_per_floor":[109,127,202,202,202,232,243,243,314,345,361,380,399,399,399,500,500,520,7,34,46,46,61,61],"path_per_floor":["M","M","?","?","T","E","M","R","T","E","M","M","M","?","R","B",null,"M","$","?","M","?","M","M"],"path_taken":["M","?","?","?","?","E","M","R","T","E","M","M","M","?","R","BOSS","M","$","?","M","?","M","M"],"items_purchased":["Vajra","EmptyFist","StrikeDummy"],"item_purchase_floors":[19,19,19],"items_purged":["Defend_P"],"items_purged_floors":[19],"character_chosen":"WATCHER","card_choices":[{"picked":"SashWhip","not_picked":["MentalFortress","BowlingBash"],"floor":1},{"picked":"ThirdEye","not_picked":["Consecrate","FlurryOfBlows"],"floor":2},{"picked":"Collect","not_picked":["Prostrate","WaveOfTheHand"],"floor":6},{"picked":"Indignation","not_picked":["CutThroughFate","Nirvana"],"floor":7},{"picked":"Meditate","not_picked":["Weave","ThirdEye"],"floor":10},{"picked":"SKIP","not_picked":["Protect","Meditate","Crescendo"],"floor":11},{"picked":"BattleHymn","not_picked":["Consecrate","Fasting2"],"floor":12},{"picked":"SKIP","not_picked":["Alpha","Vengeance","JustLucky"],"floor":13},{"picked":"Establishment","not_picked":["Blasphemy","Ragnarok"],"floor":16},{"picked":"ReachHeaven","not_picked":["Consecrate","JustLucky"],"floor":18},{"picked":"WheelKick","not_picked":["PathToVictory","Halt+1"],"floor":20},{"picked":"SKIP","not_picked":["WaveOfTheHand","JustLucky","Omniscience"],"floor":21},{"picked":"SKIP","not_picked":["EmptyBody","Halt+1","BattleHymn+1"],"floor":23}],"event_choices":[{"event_name":"World of Goop","player_choice":"Gather Gold","floor":3,"cards_obtained":null,"cards_removed":null,"cards_transformed":null,"cards_upgraded":null,"relics_obtained":null,"potions_obtained":null,"relics_lost":null,"damage_taken":11,"damage_healed":0,"max_hp_loss":0,"max_hp_gain":0,"gold_gain":75,"gold_loss":0},{"event_name":"Living Wall","player_choice":"Change","floor":4,"cards_obtained":["Alpha"],"cards_removed":null,"cards_transformed":["Strike_P"],"cards_upgraded":null,"relics_obtained":null,"potions_obtained":null,"relics_lost":null,"damage_taken":0,"damage_healed":0,"max_hp_loss":0,"max_hp_gain":0,"gold_gain":0,"gold_loss":0},{"event_name":"Golden Wing","player_choice":"Card Removal","floor":14,"cards_obtained":null,"cards_removed":["Defend_P"],"cards_transformed":null,"cards_upgraded":null,"relics_obtained":null,"potions_obtained":null,"relics_lost":null,"damage_taken":7,"damage_healed":0,"max_hp_loss":0,"max_hp_gain":0,"gold_gain":0,"gold_loss":0},{"event_name":"Masked Bandits","player_choice":"Fought Bandits","floor":20,"cards_obtained":null,"cards_removed":null,"cards_transformed":null,"cards_upgraded":null,"relics_obtained":null,"potions_obtained":null,"relics_lost":null,"damage_taken":0,"damage_healed":0,"max_hp_loss":0,"max_hp_gain":0,"gold_gain":0,"gold_loss":0},{"event_name":"Drug Dealer","player_choice":"Became Test Subject","floor":22,"cards_obtained":["MasterReality","Pray"],"cards_removed":null,"cards_transformed":["Strike_P","Strike_P"],"cards_upgraded":null,"relics_obtained":null,"potions_obtained":null,"relics_lost":null,"damage_taken":0,"damage_healed":0,"max_hp_loss":0,"max_hp_gain":0,"gold_gain":0,"gold_loss":0}],"boss_relics":[{"picked":"HolyWater","not_picked":["Empty Cage","VioletLotus"]}],"damage_taken":[{"floor":1,"enemies":"Cultist","damage":0,"turns":1},{"floor":2,"enemies":"2 Louse","damage":0,"turns":1},{"floor":6,"enemies":"3 Sentries","damage":0,"turns":2},{"floor":7,"enemies":"Small Slimes","damage":0,"turns":3},{"floor":10,"enemies":"Lagavulin","damage":10,"turns":6},{"floor":11,"enemies":"3 Louse","damage":11,"turns":2},{"floor":12,"enemies":"2 Fungi Beasts","damage":1,"turns":3},{"floor":13,"enemies":"Looter","damage":8,"turns":2},{"floor":16,"enemies":"The Guardian","damage":41,"turns":6},{"floor":18,"enemies":"3 Byrds","damage":22,"turns":6},{"floor":20,"enemies":"Masked Bandits","damage":32,"turns":5},{"floor":21,"enemies":"Chosen","damage":0,"turns":2},{"floor":23,"enemies":"3 Cultists","damage":1,"turns":5},{"floor":24,"enemies":"Snecko","damage":18,"turns":2}],"potions_obtained":[{"key":"EssenceOfSteel","floor":1},{"key":"SpeedPotion","floor":6},{"key":"Fruit Juice","floor":13},{"key":"Energy Potion","floor":16},{"key":"Energy Potion","floor":18},{"key":"SkillPotion","floor":20},{"key":"SpeedPotion","floor":21}],"relics_obtained":[{"key":"Unceasing Top","floor":5},{"key":"Bottled Flame","floor":6},{"key":"Letter Opener","floor":9},{"key":"Torii","floor":10},{"key":"Red Mask","floor":20}],"campfire_choices":[{"floor":8,"key":"SMITH","data":"SashWhip"},{"floor":15,"key":"REST"}],"circlet_count":0,"win_rate":0,"killed_by":"Snecko"}