{"play_id":"4458ade1-0e87-486a-a90f-70276df75723","build_version":"2020-01-27","seed_played":"7388753962399784809","chose_seed":false,"seed_source_timestamp":0,"is_daily":false,"special_seed":0,"is_trial":false,"is_endless":false,"is_ascension_mode":true,"ascension_level":9,"neow_bonus":"ONE_RANDOM_RARE_CARD","neow_cost":"NONE","is_beta":false,"is_prod":false,"victory":false,"floor_reached":24,"score":341,"timestamp":1700166810,"local_time":"11/16/2023 20:33:30","playtime":622,"player_experience":359686,"master_deck":["Defend_P","Defend_P","Defend_P","Eruption+1","Vigilance","Alpha+1","PathToVictory","PathToVictory+1","PathToVictory","Collect+1","FearNoEvil","PathToVictory","Vault","Swivel+1","Brilliance+1","TalkToTheHand+1"],"relics":["PureWater","Ornamental Fan","Pantograph","Astrolabe","Dream Catcher","Toxic Egg 2"],"gold":378,"campfire_rested":0,"campfire_upgraded":4,"purchased_purges":1,"potions_floor_spawned":[3,5,14],"potions_floor_usage":[],"current_hp_per_floor":[63,54,50,50,50,50,50,50,50,41,41,36,36,24,24,19,59,59,59,59,59,52,25,0],"max_hp_per_floor":[72,72,72,72,72,72,72,72,72,72,72,72,72,72,72,72,72,72,72,72,72,72,72,72],"gold_per_floor":[113,132,152,122,140,140,18,33,33,52,52,78,78,91,91,193,193,206,305,305,331,345,378,378],"path_per_floor":["M","M","M","?","M","R","$","M","T","M","R","E","R","M","R","B",null,"M","?","?","T","M","E","M"],"path_taken":["M","?","?","?","M","R","?","M","T","?","R","E","R","M","R","BOSS","M","?","?","?","?","E","M"],"items_purchased":["PathToVictory"],"item_purchase_floors":[7],"items_purged":["Strike_P"],"items_purged_floors":[7],"character_chosen":"WATCHER","card_choices":[{"picked":"PathToVictory","not_picked":["Wallop","BowlingBash"],"floor":1},{"picked":"SKIP","not_picked":["ClearTheMind","Fasting2","Consecrate"],"floor":2},{"picked":"SKIP","not_picked":["Evaluate","WindmillStrike","CutThroughFate"],"floor":3},{"picked":"PathToVictory","not_picked":["SandsOfTime","Evaluate"],"floor":5},{"picked":"Collect","not_picked":["Conclude","Nirvana"],"floor":8},{"picked":"SKIP","not_picked":["Consecrate","SpiritShield","Adaptation"],"floor":10},{"picked":"FearNoEvil","not_picked":["Collect","Judgement"],"floor":12},{"picked":"PathToVictory","not_picked":["Wallop","Evaluate"],"floor":14},{"picked":"Vault","not_picked":["Judgement","Wish"],"floor":16},{"picked":"SKIP","not_picked":["Wallop","Evaluate","Halt"],"floor":18},{"picked":"SKIP","not_picked":["EmptyBody","SashWhip","CrushJoints"],"floor":22},{"picked":"SKIP","not_picked":["Evaluate+1","FearNoEvil","Halt+1"],"floor":23}],"event_choices":[{"event_name":"The Woman in Blue","player_choice":"Bought 2 Potions","floor":4,"cards_obtained":null,"cards_removed":null,"cards_transformed":null,"cards_upgraded":null,"relics_obtained":null,"potions_obtained":null,"relics_lost":null,"damage_taken":0,"damage_healed":0,"max_hp_loss":0,"max_hp_gain":0,"gold_gain":0,"gold_loss":0},{"event_name":"Nest","player_choice":"Stole From Cult","floor":19,"cards_obtained":null,"cards_removed":null,"cards_transformed":null,"cards_upgraded":null,"relics_obtained":null,"potions_obtained":null,"relics_lost":null,"damage_taken":0,"damage_healed":0,"max_hp_loss":0,"max_hp_gain":0,"gold_gain":99,"gold_loss":0},{"event_name":"Back to Basics","player_choice":"Elegance","floor":20,"cards_obtained":null,"cards_removed":["Defend_P"],"cards_transformed":null,"cards_upgraded":null,"relics_obtained":null,"potions_obtained":null,"relics_lost":null,"damage_taken":0,"damage_healed":0,"max_hp_loss":0,"max_hp_gain":0,"gold_gain":0,"gold_loss":0}],"boss_relics":[{"picked":"Astrolabe","not_picked":["Coffee Dripper","Velvet Choker"]}],"damage_taken":[{"floor":1,"enemies":"Cultist","damage":2,"turns":3},{"floor":2,"enemies":"Small Slimes","damage":9,"turns":4},{"floor":3,"enemies":"Jaw Worm","damage":4,"turns":3},{"floor":5,"enemies":"2 Fungi Beasts","damage":0,"turns":3},{"floor":8,"enemies":"3 Louse","damage":0,"turns":1},{"floor":10,"enemies":"Red Slaver","damage":9,"turns":2},{"floor":12,"enemies":"Lagavulin","damage":5,"turns":5},{"floor":14,"enemies":"Lots of Slimes","damage":12,"turns":4},{"floor":16,"enemies":"Hexaghost","damage":30,"turns":5},{"floor":18,"enemies":"Chosen","damage":0,"turns":3},{"floor":22,"enemies":"Spheric Guardian","damage":7,"turns":3},{"floor":23,"enemies":"Book of Stabbing","damage":27,"turns":5},{"floor":24,"enemies":"Shelled Parasite and Fungi","damage":27,"turns":3}],"potions_obtained":[{"key":"Energy Potion","floor":3},{"key":"Ambrosia","floor":4},{"key":"GamblersBrew","floor":4},{"key":"DistilledChaos","floor":5},{"key":"Dexterity Potion","floor":14}],"relics_obtained":[{"key":"Ornamental Fan","floor":9},{"key":"Pantograph","floor":12},{"key":"Dream Catcher","floor":21},{"key":"Toxic Egg 2","floor":23}],"campfire_choices":[{"floor":6,"key":"SMITH","data":"Alpha"},{"floor":11,"key":"SMITH","data":"Collect"},{"floor":13,"key":"SMITH","data":"Eruption"},{"floor":15,"key":"SMITH","data":"PathToVictory"}],"circlet_count":0,"win_rate":0,"killed_by":"Shelled Parasite and Fungi"}