{"play_id":"328e4370-d30f-4e1f-a906-cb85bd6e5409","build_version":"2020-01-27","seed_played":"2741421959554402260","chose_seed":false,"seed_source_timestamp":2552013504561,"is_daily":false,"special_seed":null,"is_trial":false,"is_endless":false,"is_ascension_mode":true,"ascension_level":9,"neow_bonus":"TWO_FIFTY_GOLD","neow_cost":"PERCENT_DAMAGE","is_beta":false,"is_prod":false,"victory":false,"floor_reached":37,"score":747,"timestamp":1700100084,"local_time":"11/16/2023 02:01:24","playtime":1636,"player_experience":358050,"master_deck":["Defend_P","Defend_P","Defend_P","Eruption+1","Vigilance","SashWhip+1","CutThroughFate","Trip+1","Swivel+1","Halt+1","SignatureMove+1","Wallop+1","Establishment","EmptyBody","ClearTheMind","Omniscience","BattleHymn","Vault","Perseverance","Wallop+1","DeceiveReality+1","Worship","Alpha","Prostrate+1"],"relics":["PureWater","Eternal Feather","HornCleat","Molten Egg 2","Blue Candle","Tiny House","Mercury Hourglass","Dream Catcher","Question Card","Ancient Tea Set","Fusion Hammer"],"gold":220,"campfire_rested":2,"campfire_upgraded":4,"purchased_purges":2,"potions_floor_spawned":[5,13,16,19,23,30,33,35],"potions_floor_usage":[6,18,19,23,31,31,31],"current_hp_per_floor":[40,40,40,40,40,40,40,46,46,52,52,58,35,35,44,44,70,70,61,61,61,47,6,39,39,39,39,39,39,39,20,56,12,65,54,54,0],"max_hp_per_floor":[72,72,72,72,72,72,72,72,72,72,72,72,72,72,72,72,77,77,77,77,77,82,82,82,82,82,82,82,82,82,82,82,82,82,82,82,82],"gold_per_floor":[362,362,372,40,56,56,7,7,7,7,7,7,40,52,52,152,202,216,226,151,151,151,180,180,4,31,31,42,61,86,105,105,210,210,220,220,220],"path_per_floor":["M","?","M","$","M","E","$","R","T","R","?","R","E","M","R","B",null,"M","M","$","?","?","E","R","$","T","T","M","M","E","M","R","B",null,"M","?","M"],"path_taken":["M","?","M","$","?","E","$","R","T","R","?","R","E","M","R","BOSS","M","?","?","?","?","E","R","$","T","?","?","?","E","M","R","BOSS","M","?","M"],"items_purchased":["Eternal Feather","Trip","Halt","Perseverance"],"item_purchase_floors":[4,4,7,25],"items_purged":["Strike_P","Strike_P"],"items_purged_floors":[20,25],"character_chosen":"WATCHER","card_choices":[{"picked":"SashWhip","not_picked":["Consecrate","ClearTheMind"],"floor":1},{"picked":"CutThroughFate","not_picked":["JustLucky","FlyingSleeves"],"floor":3},{"picked":"Swivel","not_picked":["Evaluate","BowlingBash"],"floor":5},{"picked":"SignatureMove+1","not_picked":["JustLucky+1","Consecrate+1"],"floor":13},{"picked":"Wallop+1","not_picked":["Tantrum+1","Consecrate+1"],"floor":14},{"picked":"Establishment","not_picked":["Omniscience","DevaForm"],"floor":16},{"picked":"EmptyBody","not_picked":["Prostrate","BowlingBash+1"],"floor":17},{"picked":"SKIP","not_picked":["EmptyMind","EmptyFist+1","Halt"],"floor":18},{"picked":"ClearTheMind","not_picked":["Halt","WreathOfFlame+1"],"floor":19},{"picked":"Vault","not_picked":["EmptyBody","Evaluate"],"floor":23},{"picked":"SKIP","not_picked":["WreathOfFlame","Evaluate","Fasting2","BowlingBash+1"],"floor":28},{"picked":"SKIP","not_picked":["EmptyMind","Prostrate","Fasting2","Consecrate+1"],"floor":29},{"picked":"Wallop+1","not_picked":["Crescendo","BowlingBash+1","EmptyBody"],"floor":30},{"picked":"DeceiveReality+1","not_picked":["BowlingBash+1","CutThroughFate+1","SashWhip+1"],"floor":31},{"picked":"Worship","not_picked":["FlurryOfBlows+1","Adaptation","Indignation+1"],"floor":32},{"picked":"Alpha","not_picked":["Judgement","ConjureBlade","Blasphemy"],"floor":33},{"picked":"Prostrate+1","not_picked":["FollowUp+1","PathToVictory","MentalFortress"],"floor":35}],"event_choices":[{"event_name":"Bonfire Elementals","player_choice":"Offered Basic","floor":2,"cards_obtained":null,"cards_removed":["Defend_P"],"cards_transformed":null,"cards_upgraded":null,"relics_obtained":null,"potions_obtained":null,"relics_lost":null,"damage_taken":0,"damage_healed":0,"max_hp_loss":0,"max_hp_gain":0,"gold_gain":0,"gold_loss":0},{"event_name":"Wheel of Change","player_choice":"Relic","floor":11,"cards_obtained":null,"cards_removed":null,"cards_transformed":null,"cards_upgraded":null,"relics_obtained":null,"potions_obtained":null,"relics_lost":null,"damage_taken":0,"damage_healed":0,"max_hp_loss":0,"max_hp_gain":0,"gold_gain":0,"gold_loss":0},{"event_name":"Drug Dealer","player_choice":"Became Test Subject","floor":21,"cards_obtained":["Omniscience","BattleHymn"],"cards_removed":null,"cards_transformed":["Strike_P","Strike_P"],"cards_upgraded":null,"relics_obtained":null,"potions_obtained":null,"relics_lost":null,"damage_taken":0,"damage_healed":0,"max_hp_loss":0,"max_hp_gain":0,"gold_gain":0,"gold_loss":0},{"event_name":"Forgotten Altar","player_choice":"Shed Blood","floor":22,"cards_obtained":null,"cards_removed":null,"cards_transformed":null,"cards_upgraded":null,"relics_obtained":null,"potions_obtained":null,"relics_lost":null,"damage_taken":19,"damage_healed":0,"max_hp_loss":0,"max_hp_gain":5,"gold_gain":0,"gold_loss":0},{"event_name":"Lab","player_choice":"Got Potions","floor":36,"cards_obtained":null,"cards_removed":null,"cards_transformed":null,"cards_upgraded":null,"relics_obtained":null,"potions_obtained":null,"relics_lost":null,"damage_taken":0,"damage_healed":0,"max_hp_loss":0,"max_hp_gain":0,"gold_gain":0,"gold_loss":0}],"boss_relics":[{"picked":"Tiny House","not_picked":["VioletLotus","Snecko Eye"]},{"picked":"Fusion Hammer","not_picked":["Philosopher's Stone","Velvet Choker"]}],"damage_taken":[{"floor":1,"enemies":"Jaw Worm","damage":7,"turns":3},{"floor":3,"enemies":"Cultist","damage":0,"turns":2},{"floor":5,"enemies":"2 Louse","damage":0,"turns":1},{"floor":6,"enemies":"3 Sentries","damage":0,"turns":1},{"floor":13,"enemies":"Lagavulin","damage":23,"turns":4},{"floor":14,"enemies":"Large Slime","damage":0,"turns":3},{"floor":16,"enemies":"The Guardian","damage":0,"turns":6},{"floor":18,"enemies":"Spheric Guardian","damage":0,"turns":1},{"floor":19,"enemies":"Shell Parasite","damage":9,"turns":2},{"floor":23,"enemies":"Book of Stabbing","damage":41,"turns":7},{"floor":28,"enemies":"3 Cultists","damage":0,"turns":5},{"floor":29,"enemies":"Cultist and Chosen","damage":0,"turns":4},{"floor":30,"enemies":"Gremlin Leader","damage":0,"turns":3},{"floor":31,"enemies":"Snake Plant","damage":19,"turns":4},{"floor":33,"enemies":"Collector","damage":44,"turns":9},{"floor":35,"enemies":"Orb Walker","damage":11,"turns":3},{"floor":37,"enemies":"3 Shapes","damage":64,"turns":4}],"potions_obtained":[{"key":"SmokeBomb","floor":5},{"key":"Explosive Potion","floor":13},{"key":"Fire Potion","floor":16},{"key":"ColorlessPotion","floor":17},{"key":"DistilledChaos","floor":19},{"key":"AttackPotion","floor":23},{"key":"AttackPotion","floor":30},{"key":"Explosive Potion","floor":33},{"key":"Energy Potion","floor":35},{"key":"Strength Potion","floor":36}],"relics_obtained":[{"key":"HornCleat","floor":9},{"key":"Molten Egg 2","floor":11},{"key":"Blue Candle","floor":13},{"key":"Mercury Hourglass","floor":23},{"key":"Dream Catcher","floor":26},{"key":"Question Card","floor":27},{"key":"Ancient Tea Set","floor":30}],"campfire_choices":[{"floor":8,"key":"SMITH","data":"Eruption"},{"floor":10,"key":"SMITH","data":"SashWhip"},{"floor":12,"key":"SMITH","data":"Trip"},{"floor":15,"key":"SMITH","data":"Halt"},{"floor":24,"key":"REST"},{"floor":32,"key":"REST"}],"circlet_count":0,"win_rate":0,"killed_by":"3 Shapes"}