{"play_id":"a99f9735-1d15-49d6-9adf-a3b4b0ef92fc","build_version":"2020-01-27","seed_played":"-8168242571362848994","chose_seed":false,"seed_source_timestamp":0,"is_daily":false,"special_seed":0,"is_trial":false,"is_endless":false,"is_ascension_mode":true,"ascension_level":9,"neow_bonus":"TWO_FIFTY_GOLD","neow_cost":"TEN_PERCENT_HP_LOSS","is_beta":false,"is_prod":false,"victory":false,"floor_reached":16,"score":167,"timestamp":1700499307,"local_time":"11/20/2023 16:55:07","playtime":715,"player_experience":366808,"master_deck":["Strike_P","Strike_P","Strike_P","Defend_P","Defend_P+1","Defend_P","Defend_P","Eruption+1","Vigilance+1","CutThroughFate+1","Adaptation+1","LessonLearned+1","Swivel+1","Parasite","CutThroughFate+1","Protect"],"relics":["PureWater","Melange","Juzu Bracelet","Oddly Smooth Stone","Molten Egg 2","Spirit Poop","War Paint"],"gold":309,"campfire_rested":0,"campfire_upgraded":2,"purchased_purges":1,"potions_floor_spawned":[2,4,14],"potions_floor_usage":[16],"current_hp_per_floor":[62,62,62,40,40,40,43,60,60,43,43,43,43,32,32,0],"max_hp_per_floor":[65,65,65,65,65,65,70,70,70,70,70,70,70,70,70,70],"gold_per_floor":[368,387,12,30,30,30,58,58,81,106,281,281,281,309,309,309],"path_per_floor":["M","M","$","M","$","R","E","?","T","E","?","?","R","E","R","B"],"path_taken":["M","M","$","M","$","R","E","?","T","E","?","?","R","E","R","BOSS"],"items_purchased":["LessonLearned","Melange"],"item_purchase_floors":[3,3],"items_purged":["Strike_P"],"items_purged_floors":[3],"character_chosen":"WATCHER","card_choices":[{"picked":"CutThroughFate","not_picked":["Evaluate","ClearTheMind"],"floor":1},{"picked":"Adaptation","not_picked":["EmptyBody","FollowUp"],"floor":2},{"picked":"Swivel","not_picked":["Crescendo","Establishment"],"floor":4},{"picked":"SKIP","not_picked":["Sanctity","FlyingSleeves","FollowUp"],"floor":7},{"picked":"CutThroughFate+1","not_picked":["Halt","Crescendo"],"floor":10},{"picked":"Protect","not_picked":["EmptyBody","FlyingSleeves+1"],"floor":14}],"event_choices":[{"event_name":"Mushrooms","player_choice":"Healed and dodged fight","floor":8,"cards_obtained":["Parasite"],"cards_removed":null,"cards_transformed":null,"cards_upgraded":null,"relics_obtained":null,"potions_obtained":null,"relics_lost":null,"damage_taken":0,"damage_healed":17,"max_hp_loss":0,"max_hp_gain":0,"gold_gain":0,"gold_loss":0},{"event_name":"Liars Game","player_choice":"AGREE","floor":11,"cards_obtained":["Doubt"],"cards_removed":null,"cards_transformed":null,"cards_upgraded":null,"relics_obtained":null,"potions_obtained":null,"relics_lost":null,"damage_taken":0,"damage_healed":0,"max_hp_loss":0,"max_hp_gain":0,"gold_gain":175,"gold_loss":0},{"event_name":"Bonfire Elementals","player_choice":"Offered Curse","floor":12,"cards_obtained":null,"cards_removed":["Doubt"],"cards_transformed":null,"cards_upgraded":null,"relics_obtained":["Spirit Poop"],"potions_obtained":null,"relics_lost":null,"damage_taken":0,"damage_healed":0,"max_hp_loss":0,"max_hp_gain":0,"gold_gain":0,"gold_loss":0}],"boss_relics":[],"damage_taken":[{"floor":1,"enemies":"2 Louse","damage":3,"turns":3},{"floor":2,"enemies":"Jaw Worm","damage":0,"turns":2},{"floor":4,"enemies":"Cultist","damage":22,"turns":6},{"floor":7,"enemies":"Gremlin Nob","damage":2,"turns":3},{"floor":10,"enemies":"Lagavulin","damage":17,"turns":7},{"floor":14,"enemies":"3 Sentries","damage":11,"turns":4},{"floor":16,"enemies":"Hexaghost","damage":34,"turns":8}],"potions_obtained":[{"key":"PowerPotion","floor":2},{"key":"Fruit Juice","floor":4},{"key":"Energy Potion","floor":14}],"relics_obtained":[{"key":"Juzu Bracelet","floor":7},{"key":"Oddly Smooth Stone","floor":9},{"key":"Molten Egg 2","floor":10},{"key":"War Paint","floor":14}],"campfire_choices":[{"floor":6,"key":"SMITH","data":"LessonLearned"},{"floor":13,"key":"SMITH","data":"Eruption"},{"floor":15,"key":"RECALL"}],"circlet_count":0,"win_rate":0,"killed_by":"Hexaghost"}