{"play_id":"691252b2-435d-49de-801d-6c74b61698bc","build_version":"2020-01-27","seed_played":"-7729853476347909350","chose_seed":false,"seed_source_timestamp":63330298234,"is_daily":false,"special_seed":null,"is_trial":false,"is_endless":false,"is_ascension_mode":true,"ascension_level":9,"neow_bonus":"THREE_ENEMY_KILL","neow_cost":"NONE","is_beta":false,"is_prod":false,"victory":false,"floor_reached":33,"score":487,"timestamp":1700437976,"local_time":"11/19/2023 23:52:56","playtime":1719,"player_experience":363470,"master_deck":["Strike_P+1","Strike_P+1","Strike_P+1","Defend_P+1","Defend_P+1","Defend_P+1","Vigilance","Conclude","ReachHeaven+1","Wireheading","Protect","Halt+1","Wallop+1","ClearTheMind","Brilliance+1","Pray+1","FlurryOfBlows+1","FearNoEvil+1","Vault","Swivel+1"],"relics":["PureWater","NeowsBlessing","MealTicket","Damaru","Molten Egg 2","Ectoplasm","HornCleat","InkBottle","Singing Bowl","Ancient Tea Set","PreservedInsect","Frozen Egg 2"],"gold":6,"campfire_rested":2,"campfire_upgraded":5,"purchased_purges":2,"potions_floor_spawned":[1,6,10,12,14,20,23,30],"potions_floor_usage":[10,14,18,20,33,33],"current_hp_per_floor":[65,65,58,58,58,58,49,49,49,34,34,28,28,28,28,9,56,34,72,56,56,71,14,35,21,21,21,21,45,37,15,37,0],"max_hp_per_floor":[72,72,72,72,72,72,72,72,72,72,72,72,72,72,72,72,72,72,72,72,72,72,72,72,74,74,74,74,74,74,74,74,74],"gold_per_floor":[110,35,35,135,146,161,176,176,226,259,259,269,269,296,296,400,400,355,355,355,355,6,6,6,6,6,6,6,6,6,6,6,6],"path_per_floor":["M","$","?","?","M","M","M","R","T","E","R","M","R","E","R","B",null,"M","?","M","?","$","E","R","E","T","T","R","?","E","M","R","B"],"path_taken":["M","$","?","?","M","?","M","R","T","E","R","?","R","E","R","BOSS","M","?","?","?","$","E","R","E","T","?","R","?","E","M","R","BOSS"],"items_purchased":["HornCleat"],"item_purchase_floors":[22],"items_purged":["Strike_P","Eruption+1"],"items_purged_floors":[2,22],"character_chosen":"WATCHER","card_choices":[{"picked":"Conclude","not_picked":["JustLucky","FlyingSleeves"],"floor":1},{"picked":"ReachHeaven","not_picked":["Indignation","Evaluate"],"floor":5},{"picked":"Wireheading","not_picked":["EmptyFist","JustLucky"],"floor":6},{"picked":"Protect","not_picked":["EmptyFist","MentalFortress"],"floor":7},{"picked":"Halt","not_picked":["Consecrate","SpiritShield"],"floor":10},{"picked":"Wallop","not_picked":["CrushJoints","DeceiveReality"],"floor":12},{"picked":"ClearTheMind","not_picked":["ConjureBlade","EmptyBody"],"floor":14},{"picked":"Brilliance+1","not_picked":["Blasphemy","Ragnarok+1"],"floor":16},{"picked":"Pray","not_picked":["ThirdEye+1","TalkToTheHand+1"],"floor":18},{"picked":"FlurryOfBlows+1","not_picked":["CutThroughFate+1","EmptyMind"],"floor":20},{"picked":"FearNoEvil+1","not_picked":["FlyingSleeves+1","Consecrate+1"],"floor":23},{"picked":"Singing Bowl","not_picked":["Nirvana","Consecrate+1","Indignation"],"floor":25},{"picked":"Vault","not_picked":["CutThroughFate+1","DeceiveReality"],"floor":30},{"picked":"Swivel+1","not_picked":["WreathOfFlame","SignatureMove+1"],"floor":31}],"event_choices":[{"event_name":"Golden Wing","player_choice":"Card Removal","floor":3,"cards_obtained":null,"cards_removed":["Defend_P"],"cards_transformed":null,"cards_upgraded":null,"relics_obtained":null,"potions_obtained":null,"relics_lost":null,"damage_taken":7,"damage_healed":0,"max_hp_loss":0,"max_hp_gain":0,"gold_gain":0,"gold_loss":0},{"event_name":"Wheel of Change","player_choice":"Gold","floor":4,"cards_obtained":null,"cards_removed":null,"cards_transformed":null,"cards_upgraded":null,"relics_obtained":null,"potions_obtained":null,"relics_lost":null,"damage_taken":0,"damage_healed":0,"max_hp_loss":0,"max_hp_gain":0,"gold_gain":100,"gold_loss":0},{"event_name":"Wheel of Change","player_choice":"Full Heal","floor":19,"cards_obtained":null,"cards_removed":null,"cards_transformed":null,"cards_upgraded":null,"relics_obtained":null,"potions_obtained":null,"relics_lost":null,"damage_taken":0,"damage_healed":38,"max_hp_loss":0,"max_hp_gain":0,"gold_gain":0,"gold_loss":0},{"event_name":"Back to Basics","player_choice":"Simplicity","floor":21,"cards_obtained":null,"cards_removed":null,"cards_transformed":null,"cards_upgraded":["Strike_P","Strike_P","Strike_P","Defend_P","Defend_P","Defend_P"],"relics_obtained":null,"potions_obtained":null,"relics_lost":null,"damage_taken":0,"damage_healed":0,"max_hp_loss":0,"max_hp_gain":0,"gold_gain":0,"gold_loss":0},{"event_name":"The Library","player_choice":"Heal","floor":29,"cards_obtained":null,"cards_removed":null,"cards_transformed":null,"cards_upgraded":null,"relics_obtained":null,"potions_obtained":null,"relics_lost":null,"damage_taken":0,"damage_healed":24,"max_hp_loss":0,"max_hp_gain":0,"gold_gain":0,"gold_loss":0}],"boss_relics":[{"picked":"Ectoplasm","not_picked":["Snecko Eye","Tiny House"]}],"damage_taken":[{"floor":1,"enemies":"Cultist","damage":0,"turns":1},{"floor":5,"enemies":"Jaw Worm","damage":0,"turns":1},{"floor":6,"enemies":"Small Slimes","damage":0,"turns":1},{"floor":7,"enemies":"Red Slaver","damage":9,"turns":2},{"floor":10,"enemies":"Lagavulin","damage":15,"turns":6},{"floor":12,"enemies":"3 Louse","damage":6,"turns":3},{"floor":14,"enemies":"3 Sentries","damage":0,"turns":4},{"floor":16,"enemies":"The Guardian","damage":19,"turns":10},{"floor":18,"enemies":"2 Thieves","damage":22,"turns":4},{"floor":20,"enemies":"Shell Parasite","damage":16,"turns":4},{"floor":23,"enemies":"Book of Stabbing","damage":57,"turns":6},{"floor":25,"enemies":"Gremlin Leader","damage":16,"turns":7},{"floor":30,"enemies":"Book of Stabbing","damage":8,"turns":4},{"floor":31,"enemies":"Snake Plant","damage":22,"turns":5},{"floor":33,"enemies":"Champ","damage":37,"turns":8}],"potions_obtained":[{"key":"SteroidPotion","floor":1},{"key":"PowerPotion","floor":6},{"key":"SmokeBomb","floor":10},{"key":"LiquidMemories","floor":12},{"key":"Explosive Potion","floor":14},{"key":"FairyPotion","floor":20},{"key":"Dexterity Potion","floor":23},{"key":"Swift Potion","floor":30}],"relics_obtained":[{"key":"MealTicket","floor":9},{"key":"Damaru","floor":10},{"key":"Molten Egg 2","floor":14},{"key":"InkBottle","floor":23},{"key":"Singing Bowl","floor":25},{"key":"Ancient Tea Set","floor":26},{"key":"PreservedInsect","floor":27},{"key":"Frozen Egg 2","floor":30}],"campfire_choices":[{"floor":8,"key":"SMITH","data":"Eruption"},{"floor":11,"key":"SMITH","data":"Halt"},{"floor":13,"key":"SMITH","data":"Wallop"},{"floor":15,"key":"SMITH","data":"ReachHeaven"},{"floor":24,"key":"REST"},{"floor":28,"key":"SMITH","data":"Pray"},{"floor":32,"key":"REST"}],"circlet_count":0,"win_rate":0,"killed_by":"Champ"}