{"play_id":"8145de80-98d6-4150-a97a-f04cb01b7934","build_version":"2020-01-27","seed_played":"-8693639041038113159","chose_seed":false,"seed_source_timestamp":156719250105,"is_daily":false,"special_seed":null,"is_trial":false,"is_endless":false,"is_ascension_mode":true,"ascension_level":9,"neow_bonus":"THREE_ENEMY_KILL","neow_cost":"NONE","is_beta":false,"is_prod":false,"victory":false,"floor_reached":8,"score":84,"timestamp":1700534369,"local_time":"11/21/2023 02:39:29","playtime":331,"player_experience":367857,"master_deck":["Strike_P","Strike_P","Strike_P","Strike_P","Defend_P","Defend_P","Defend_P","Defend_P","Eruption","Vigilance","FollowUp","PathToVictory","PathToVictory","Collect"],"relics":["PureWater","NeowsBlessing","Centennial Puzzle","Blue Candle"],"gold":188,"campfire_rested":1,"campfire_upgraded":0,"purchased_purges":0,"potions_floor_spawned":[5,6],"potions_floor_usage":[8,8],"current_hp_per_floor":[65,65,47,47,45,17,38,0],"max_hp_per_floor":[72,72,72,72,72,72,72,72],"gold_per_floor":[117,131,131,145,161,188,188,188],"path_per_floor":["M","M","?","M","M","E","R","E"],"path_taken":["M","M","?","M","M","E","R","E"],"items_purchased":[],"item_purchase_floors":[],"items_purged":[],"items_purged_floors":[],"character_chosen":"WATCHER","card_choices":[{"picked":"FollowUp","not_picked":["ClearTheMind","FlyingSleeves"],"floor":1},{"picked":"PathToVictory","not_picked":["BowlingBash","SashWhip"],"floor":2},{"picked":"PathToVictory","not_picked":["Weave","Wireheading"],"floor":4},{"picked":"Collect","not_picked":["BowlingBash","Vengeance"],"floor":5},{"picked":"SKIP","not_picked":["Evaluate","Brilliance","CrushJoints"],"floor":6}],"event_choices":[{"event_name":"Scrap Ooze","player_choice":"Success","floor":3,"cards_obtained":null,"cards_removed":null,"cards_transformed":null,"cards_upgraded":null,"relics_obtained":["Centennial Puzzle"],"potions_obtained":null,"relics_lost":null,"damage_taken":18,"damage_healed":0,"max_hp_loss":0,"max_hp_gain":0,"gold_gain":0,"gold_loss":0}],"boss_relics":[],"damage_taken":[{"floor":1,"enemies":"Jaw Worm","damage":0,"turns":1},{"floor":2,"enemies":"Small Slimes","damage":0,"turns":1},{"floor":4,"enemies":"Cultist","damage":0,"turns":1},{"floor":5,"enemies":"2 Fungi Beasts","damage":2,"turns":3},{"floor":6,"enemies":"Gremlin Nob","damage":28,"turns":3},{"floor":8,"enemies":"3 Sentries","damage":45,"turns":7}],"potions_obtained":[{"key":"Energy Potion","floor":5},{"key":"PowerPotion","floor":6}],"relics_obtained":[{"key":"Blue Candle","floor":6}],"campfire_choices":[{"floor":7,"key":"REST"}],"circlet_count":0,"win_rate":0,"killed_by":"3 Sentries"}