{"play_id":"76d49c9f-1b49-42ae-8e00-f7e9201140dd","build_version":"2020-01-27","seed_played":"-5011892429064130412","chose_seed":false,"seed_source_timestamp":0,"is_daily":false,"special_seed":0,"is_trial":false,"is_endless":false,"is_ascension_mode":true,"ascension_level":10,"neow_bonus":"TWENTY_PERCENT_HP_BONUS","neow_cost":"NO_GOLD","is_beta":false,"is_prod":false,"victory":true,"floor_reached":51,"score":1072,"timestamp":1703638076,"local_time":"12/27/2023 00:47:56","playtime":2356,"player_experience":453575,"master_deck":["AscendersBane","Strike_P+1","Strike_P+1","Defend_P","Vigilance+1","Tantrum+1","BowlingBash+1","EmptyFist+1","Devotion+1","Collect+1","WheelKick+1","SandsOfTime+1","Prostrate+1","CarveReality+1","ClearTheMind+1","LikeWater+1","Omniscience+1","Omniscience+1","Worship+1","Metamorphosis+1"],"relics":["PureWater","Bloody Idol","Pantograph","GoldenEye","Whetstone","Matryoshka","Damaru","Astrolabe","Ancient Tea Set","Shuriken","Pear","Orichalcum","Darkstone Periapt","Ornamental Fan","Busted Crown","Mercury Hourglass","Eternal Feather","Frozen Eye"],"gold":3,"campfire_rested":1,"campfire_upgraded":11,"purchased_purges":2,"potions_floor_spawned":[3,8,11,16,18,22,23,33,47],"potions_floor_usage":[33,47,47,50],"current_hp_per_floor":[68,68,68,68,47,40,40,24,24,24,24,12,12,12,12,25,71,65,65,58,58,35,14,14,7,22,50,50,50,50,55,55,62,88,51,51,51,62,62,62,62,62,67,79,84,96,101,101,102,32],"max_hp_per_floor":[86,86,86,86,86,86,86,86,86,86,86,86,86,86,86,86,86,86,86,86,86,86,86,86,86,96,96,96,96,96,96,96,96,96,96,96,96,102,102,102,102,102,102,102,102,102,102,102,102,102],"gold_per_floor":[12,12,31,31,31,65,65,100,100,100,124,162,162,19,19,142,142,165,165,178,194,217,258,258,268,350,350,350,350,21,32,32,134,134,153,153,169,444,106,106,33,33,111,111,130,130,148,3,3,3],"path_per_floor":["M","?","M","$","?","E","R","E","T","R","M","E","R","$","R","B","ul","M","?","M","M","M","E","?","M","T","R","T","R","$","M","R","B",null,"M","?","M","?","$","R","$","R","T","R","M","R","M","$","R","B",null],"path_taken":["M","?","?","$","?","E","R","E","T","R","M","E","R","$","R","BOSS","M","?","?","?","?","E","?","M","T","R","?","R","$","M","R","BOSS","M","?","?","?","$","R","$","R","T","R","M","R","?","?","R","BOSS"],"items_purchased":["Damaru","Ornamental Fan","Metamorphosis","AttackPotion","DistilledChaos","Frozen Eye"],"item_purchase_floors":[14,30,39,39,41,48],"items_purged":["Defend_P","Regret"],"items_purged_floors":[30,39],"character_chosen":"WATCHER","card_choices":[{"picked":"SKIP","not_picked":["ThirdEye","Perseverance","Vengeance"],"floor":1},{"picked":"BowlingBash","not_picked":["Crescendo","Tantrum"],"floor":3},{"picked":"EmptyFist","not_picked":["Protect","CutThroughFate"],"floor":6},{"picked":"SKIP","not_picked":["ForeignInfluence","FollowUp","SashWhip"],"floor":8},{"picked":"SKIP","not_picked":["EmptyFist","Sanctity","MentalFortress"],"floor":11},{"picked":"SKIP","not_picked":["CutThroughFate","Perseverance","Tantrum"],"floor":12},{"picked":"Devotion","not_picked":["Vault","Wish"],"floor":16},{"picked":"Prostrate","not_picked":["PathToVictory","SashWhip"],"floor":18},{"picked":"SKIP","not_picked":["PathToVictory","CrushJoints","FlurryOfBlows"],"floor":20},{"picked":"ClearTheMind+1","not_picked":["CrushJoints","WreathOfFlame"],"floor":21},{"picked":"LikeWater+1","not_picked":["FollowUp+1","FlyingSleeves"],"floor":22},{"picked":"SKIP","not_picked":["Crescendo+1","CarveReality","Meditate+1"],"floor":23},{"picked":"SKIP","not_picked":["Crescendo","Evaluate","Conclude"],"floor":25},{"picked":"Omniscience","not_picked":["SashWhip+1","ClearTheMind"],"floor":31},{"picked":"Omniscience","not_picked":["DevaForm","MasterReality"],"floor":33},{"picked":"Worship","not_picked":[],"floor":35},{"picked":"SKIP","not_picked":["FollowUp"],"floor":37},{"picked":"SKIP","not_picked":["FlyingSleeves+1"],"floor":45},{"picked":"SKIP","not_picked":["ThirdEye"],"floor":47}],"event_choices":[{"event_name":"Transmorgrifier","player_choice":"Transformed","floor":2,"cards_obtained":["Tantrum"],"cards_removed":null,"cards_transformed":["Eruption"],"cards_upgraded":null,"relics_obtained":null,"potions_obtained":null,"relics_lost":null,"damage_taken":0,"damage_healed":0,"max_hp_loss":0,"max_hp_gain":0,"gold_gain":0,"gold_loss":0},{"event_name":"Golden Idol","player_choice":"Take Damage","floor":5,"cards_obtained":null,"cards_removed":null,"cards_transformed":null,"cards_upgraded":null,"relics_obtained":["Golden Idol"],"potions_obtained":null,"relics_lost":null,"damage_taken":21,"damage_healed":0,"max_hp_loss":0,"max_hp_gain":0,"gold_gain":0,"gold_loss":0},{"event_name":"Transmorgrifier","player_choice":"Transformed","floor":19,"cards_obtained":["CarveReality"],"cards_removed":null,"cards_transformed":["Defend_P"],"cards_upgraded":null,"relics_obtained":null,"potions_obtained":null,"relics_lost":null,"damage_taken":0,"damage_healed":0,"max_hp_loss":0,"max_hp_gain":0,"gold_gain":0,"gold_loss":0},{"event_name":"Forgotten Altar","player_choice":"Gave Idol","floor":24,"cards_obtained":null,"cards_removed":null,"cards_transformed":null,"cards_upgraded":null,"relics_obtained":["Bloody Idol"],"potions_obtained":null,"relics_lost":["Golden Idol"],"damage_taken":0,"damage_healed":0,"max_hp_loss":0,"max_hp_gain":0,"gold_gain":0,"gold_loss":0},{"event_name":"WeMeetAgain","player_choice":"Gave Potion","floor":36,"cards_obtained":null,"cards_removed":null,"cards_transformed":null,"cards_upgraded":null,"relics_obtained":["Mercury Hourglass"],"potions_obtained":null,"relics_lost":null,"damage_taken":0,"damage_healed":0,"max_hp_loss":0,"max_hp_gain":0,"gold_gain":0,"gold_loss":0},{"event_name":"Golden Shrine","player_choice":"Desecrate","floor":38,"cards_obtained":["Regret"],"cards_removed":null,"cards_transformed":null,"cards_upgraded":null,"relics_obtained":null,"potions_obtained":null,"relics_lost":null,"damage_taken":0,"damage_healed":0,"max_hp_loss":0,"max_hp_gain":0,"gold_gain":275,"gold_loss":0}],"boss_relics":[{"picked":"Astrolabe","not_picked":["VioletLotus","SacredBark"]},{"picked":"Busted Crown","not_picked":["Runic Dome","Velvet Choker"]}],"damage_taken":[{"floor":1,"enemies":"Small Slimes","damage":11,"turns":3},{"floor":3,"enemies":"Cultist","damage":0,"turns":3},{"floor":6,"enemies":"3 Sentries","damage":7,"turns":5},{"floor":8,"enemies":"Gremlin Nob","damage":16,"turns":3},{"floor":11,"enemies":"Jaw Worm","damage":0,"turns":3},{"floor":12,"enemies":"3 Sentries","damage":12,"turns":4},{"floor":16,"enemies":"Slime Boss","damage":76,"turns":6},{"floor":18,"enemies":"2 Thieves","damage":6,"turns":3},{"floor":20,"enemies":"Shell Parasite","damage":7,"turns":4},{"floor":21,"enemies":"3 Cultists","damage":0,"turns":3},{"floor":22,"enemies":"Centurion and Healer","damage":23,"turns":4},{"floor":23,"enemies":"Gremlin Leader","damage":21,"turns":4},{"floor":25,"enemies":"Cultist and Chosen","damage":12,"turns":4},{"floor":31,"enemies":"Sentry and Sphere","damage":0,"turns":3},{"floor":33,"enemies":"Collector","damage":23,"turns":5},{"floor":35,"enemies":"3 Darklings","damage":42,"turns":3},{"floor":37,"enemies":"Orb Walker","damage":5,"turns":3},{"floor":45,"enemies":"Jaw Worm Horde","damage":0,"turns":3},{"floor":47,"enemies":"Transient","damage":0,"turns":5},{"floor":50,"enemies":"Donu and Deca","damage":70,"turns":6}],"potions_obtained":[{"key":"PowerPotion","floor":3},{"key":"FairyPotion","floor":8},{"key":"Strength Potion","floor":11},{"key":"BottledMiracle","floor":16},{"key":"Explosive Potion","floor":18},{"key":"Swift Potion","floor":22},{"key":"Energy Potion","floor":23},{"key":"Weak Potion","floor":33},{"key":"ColorlessPotion","floor":47}],"relics_obtained":[{"key":"Pantograph","floor":6},{"key":"GoldenEye","floor":8},{"key":"Whetstone","floor":9},{"key":"Matryoshka","floor":12},{"key":"Ancient Tea Set","floor":23},{"key":"Shuriken","floor":26},{"key":"Pear","floor":26},{"key":"Orichalcum","floor":28},{"key":"Darkstone Periapt","floor":28},{"key":"Eternal Feather","floor":43}],"campfire_choices":[{"floor":7,"key":"SMITH","data":"EmptyFist"},{"floor":10,"key":"SMITH","data":"Tantrum"},{"floor":13,"key":"SMITH","data":"Vigilance"},{"floor":15,"key":"SMITH","data":"Strike_P"},{"floor":27,"key":"REST"},{"floor":29,"key":"SMITH","data":"Devotion"},{"floor":32,"key":"SMITH","data":"Omniscience"},{"floor":40,"key":"SMITH","data":"Metamorphosis"},{"floor":42,"key":"SMITH","data":"Omniscience"},{"floor":44,"key":"SMITH","data":"Worship"},{"floor":46,"key":"SMITH","data":"CarveReality"},{"floor":49,"key":"SMITH","data":"Prostrate"}],"circlet_count":0,"win_rate":0,"killed_by":null}