{"play_id":"6f651615-8c4e-4748-b625-85aa3b35c81a","build_version":"2020-01-27","seed_played":"7268439026285978957","chose_seed":false,"seed_source_timestamp":4050567076462,"is_daily":false,"special_seed":null,"is_trial":false,"is_endless":false,"is_ascension_mode":true,"ascension_level":11,"neow_bonus":"ONE_RANDOM_RARE_CARD","neow_cost":"NONE","is_beta":false,"is_prod":false,"victory":false,"floor_reached":41,"score":860,"timestamp":1704416527,"local_time":"01/05/2024 01:02:07","playtime":1400,"player_experience":483616,"master_deck":["AscendersBane","Strike_P","Defend_P","Defend_P","Eruption+1","Vigilance+1","Vault+1","PathToVictory","SandsOfTime+1","PathToVictory","DeceiveReality+1","DeusExMachina","CurseOfTheBell","Wallop+1","DeusExMachina+1","WindmillStrike+1","Establishment","PathToVictory+1","Alpha+1","SandsOfTime","PathToVictory+1"],"relics":["PureWater","Orichalcum","Bag of Preparation","NlothsMask","Boot","Calling Bell","Smiling Mask","Toxic Egg 2","Girya","Vajra","The Courier","Calipers","Tiny House","OrangePellets","Omamori"],"gold":123,"campfire_rested":1,"campfire_upgraded":4,"purchased_purges":2,"potions_floor_spawned":[4,7,14,16,18,25,27,36,39],"potions_floor_usage":[16,25,25,29,31,35,39,41],"current_hp_per_floor":[63,63,63,63,63,63,63,63,63,63,63,59,59,59,59,51,67,67,67,67,67,54,54,54,47,47,46,46,45,45,45,68,68,80,56,56,56,77,59,59,0],"max_hp_per_floor":[72,72,72,72,72,72,72,72,72,72,72,72,72,72,72,72,72,72,72,72,72,77,77,77,77,77,77,77,77,77,77,77,77,82,82,82,82,82,82,82,82],"gold_per_floor":[118,9,9,24,38,38,69,69,119,119,119,144,144,156,156,261,261,272,69,69,69,69,69,85,115,140,153,153,170,188,213,213,308,358,368,388,111,111,123,123,123],"path_per_floor":["M","$","?","M","M","R","E","$","T","?","R","E","R","M","R","B",null,"M","$","?","?","?","R","M","E","T","M","R","M","M","E","R","B",null,"M","M","$","?","M","R","E"],"path_taken":["M","$","?","M","?","R","E","$","T","?","R","E","R","?","R","BOSS","M","$","?","?","?","R","M","E","T","M","R","?","M","E","R","BOSS","M","M","$","?","M","R","E"],"items_purchased":["SandsOfTime","Vajra","OrangePellets","Omamori","PathToVictory+1"],"item_purchase_floors":[2,19,37,37,37],"items_purged":["Defend_P","Strike_P"],"items_purged_floors":[2,19],"character_chosen":"WATCHER","card_choices":[{"picked":"PathToVictory","not_picked":["EmptyFist","FlurryOfBlows"],"floor":1},{"picked":"PathToVictory","not_picked":["Swivel","ClearTheMind"],"floor":4},{"picked":"SKIP","not_picked":["Vengeance","Blasphemy","Conclude"],"floor":5},{"picked":"DeceiveReality","not_picked":["WreathOfFlame","BowlingBash"],"floor":7},{"picked":"SKIP","not_picked":["EmptyBody","FlyingSleeves","Evaluate"],"floor":12},{"picked":"SKIP","not_picked":["EmptyFist","Crescendo","Vengeance"],"floor":14},{"picked":"DeusExMachina","not_picked":["Scrawl","SpiritShield"],"floor":16},{"picked":"Wallop+1","not_picked":["BowlingBash+1","EmptyFist"],"floor":18},{"picked":"SKIP","not_picked":["Evaluate+1","ClearTheMind+1","CutThroughFate+1"],"floor":24},{"picked":"SKIP","not_picked":["Prostrate+1","ReachHeaven","InnerPeace+1"],"floor":25},{"picked":"Establishment","not_picked":["Crescendo+1","EmptyFist"],"floor":27},{"picked":"PathToVictory+1","not_picked":["FlyingSleeves","Wallop+1"],"floor":29},{"picked":"SKIP","not_picked":["Crescendo+1","Prostrate+1","BowlingBash"],"floor":30},{"picked":"SKIP","not_picked":["FlurryOfBlows","Brilliance","CrushJoints"],"floor":31},{"picked":"Alpha+1","not_picked":["DevaForm","Judgement+1"],"floor":33},{"picked":"SandsOfTime","not_picked":["CutThroughFate+1","JustLucky+1"],"floor":34},{"picked":"SKIP","not_picked":["CrushJoints+1","Consecrate+1","JustLucky"],"floor":35},{"picked":"SKIP","not_picked":["ClearTheMind+1","JustLucky","Evaluate+1"],"floor":36},{"picked":"SKIP","not_picked":["Consecrate+1","BowlingBash","Pray+1"],"floor":39}],"event_choices":[{"event_name":"Upgrade Shrine","player_choice":"Upgraded","floor":3,"cards_obtained":null,"cards_removed":null,"cards_transformed":null,"cards_upgraded":["Vault"],"relics_obtained":null,"potions_obtained":null,"relics_lost":null,"damage_taken":0,"damage_healed":0,"max_hp_loss":0,"max_hp_gain":0,"gold_gain":0,"gold_loss":0},{"event_name":"FaceTrader","player_choice":"Trade","floor":10,"cards_obtained":null,"cards_removed":null,"cards_transformed":null,"cards_upgraded":null,"relics_obtained":["NlothsMask"],"potions_obtained":null,"relics_lost":null,"damage_taken":0,"damage_healed":0,"max_hp_loss":0,"max_hp_gain":0,"gold_gain":0,"gold_loss":0},{"event_name":"Drug Dealer","player_choice":"Became Test Subject","floor":20,"cards_obtained":["DeusExMachina","WindmillStrike"],"cards_removed":null,"cards_transformed":["Strike_P","Defend_P"],"cards_upgraded":null,"relics_obtained":null,"potions_obtained":null,"relics_lost":null,"damage_taken":0,"damage_healed":0,"max_hp_loss":0,"max_hp_gain":0,"gold_gain":0,"gold_loss":0},{"event_name":"Back to Basics","player_choice":"Elegance","floor":21,"cards_obtained":null,"cards_removed":["Strike_P"],"cards_transformed":null,"cards_upgraded":null,"relics_obtained":null,"potions_obtained":null,"relics_lost":null,"damage_taken":0,"damage_healed":0,"max_hp_loss":0,"max_hp_gain":0,"gold_gain":0,"gold_loss":0},{"event_name":"Forgotten Altar","player_choice":"Shed Blood","floor":22,"cards_obtained":null,"cards_removed":null,"cards_transformed":null,"cards_upgraded":null,"relics_obtained":null,"potions_obtained":null,"relics_lost":null,"damage_taken":18,"damage_healed":0,"max_hp_loss":0,"max_hp_gain":5,"gold_gain":0,"gold_loss":0},{"event_name":"Winding Halls","player_choice":"Writhe","floor":38,"cards_obtained":["Writhe"],"cards_removed":null,"cards_transformed":null,"cards_upgraded":null,"relics_obtained":null,"potions_obtained":null,"relics_lost":null,"damage_taken":0,"damage_healed":21,"max_hp_loss":0,"max_hp_gain":0,"gold_gain":0,"gold_loss":0}],"boss_relics":[{"picked":"Calling Bell","not_picked":["Pandora's Box","Ectoplasm"]},{"picked":"Tiny House","not_picked":["SacredBark","Runic Dome"]}],"damage_taken":[{"floor":1,"enemies":"2 Louse","damage":2,"turns":4},{"floor":4,"enemies":"Cultist","damage":0,"turns":4},{"floor":5,"enemies":"Small Slimes","damage":0,"turns":4},{"floor":7,"enemies":"Lagavulin","damage":0,"turns":5},{"floor":12,"enemies":"Gremlin Nob","damage":4,"turns":4},{"floor":14,"enemies":"Exordium Thugs","damage":0,"turns":3},{"floor":16,"enemies":"Hexaghost","damage":8,"turns":6},{"floor":18,"enemies":"Shell Parasite","damage":0,"turns":4},{"floor":24,"enemies":"Chosen","damage":0,"turns":2},{"floor":25,"enemies":"Slavers","damage":7,"turns":5},{"floor":27,"enemies":"Centurion and Healer","damage":1,"turns":4},{"floor":29,"enemies":"Snake Plant","damage":1,"turns":4},{"floor":30,"enemies":"Snecko","damage":0,"turns":3},{"floor":31,"enemies":"Gremlin Leader","damage":0,"turns":4},{"floor":33,"enemies":"Collector","damage":0,"turns":7},{"floor":35,"enemies":"3 Darklings","damage":24,"turns":5},{"floor":36,"enemies":"3 Shapes","damage":0,"turns":3},{"floor":39,"enemies":"3 Darklings","damage":18,"turns":4},{"floor":41,"enemies":"Reptomancer","damage":67,"turns":3}],"potions_obtained":[{"key":"FearPotion","floor":4},{"key":"Ambrosia","floor":7},{"key":"Explosive Potion","floor":16},{"key":"BlessingOfTheForge","floor":25},{"key":"EssenceOfSteel","floor":27},{"key":"BottledMiracle","floor":34},{"key":"Swift Potion","floor":36},{"key":"FearPotion","floor":39}],"relics_obtained":[{"key":"Orichalcum","floor":7},{"key":"Bag of Preparation","floor":9},{"key":"Boot","floor":12},{"key":"Smiling Mask","floor":17},{"key":"Toxic Egg 2","floor":17},{"key":"Girya","floor":17},{"key":"The Courier","floor":25},{"key":"Calipers","floor":31}],"campfire_choices":[{"floor":6,"key":"SMITH","data":"Eruption"},{"floor":11,"key":"SMITH","data":"SandsOfTime"},{"floor":13,"key":"SMITH","data":"Vigilance"},{"floor":15,"key":"SMITH","data":"DeceiveReality"},{"floor":23,"key":"LIFT","data":"1"},{"floor":28,"key":"LIFT","data":"2"},{"floor":32,"key":"REST"},{"floor":40,"key":"LIFT","data":"3"}],"circlet_count":0,"win_rate":0,"killed_by":"Reptomancer"}