{"play_id":"9cc1c4ef-1082-405a-8e07-1c3f7695dedb","build_version":"2020-01-27","seed_played":"225702280728823097","chose_seed":false,"seed_source_timestamp":0,"is_daily":false,"special_seed":0,"is_trial":false,"is_endless":false,"is_ascension_mode":true,"ascension_level":11,"neow_bonus":"ONE_RARE_RELIC","neow_cost":"CURSE","is_beta":false,"is_prod":false,"victory":false,"floor_reached":16,"score":206,"timestamp":1704634797,"local_time":"01/07/2024 13:39:57","playtime":742,"player_experience":487208,"master_deck":["AscendersBane","Strike_P","Strike_P","Strike_P","Defend_P","Defend_P","Defend_P","Defend_P","Eruption+1","Vigilance","SandsOfTime+1","EmptyFist","Doubt","FlurryOfBlows+1","Halt","Sanctity"],"relics":["PureWater","WingedGreaves","PreservedInsect","Mercury Hourglass","Oddly Smooth Stone"],"gold":344,"campfire_rested":1,"campfire_upgraded":2,"purchased_purges":1,"potions_floor_spawned":[7,11,13],"potions_floor_usage":[13,13,16],"current_hp_per_floor":[65,65,65,58,58,58,1,22,22,22,22,16,25,30,30,0],"max_hp_per_floor":[72,72,72,72,72,72,72,72,72,72,72,72,72,77,77,77],"gold_per_floor":[117,127,5,5,180,180,209,209,285,285,297,315,344,344,344,344],"path_per_floor":["M","M","$","?","?","R","E","R","T","?","M","M","E","?","R","B"],"path_taken":["M","M","$","?","?","R","E","R","T","?","?","M","E","?","R","BOSS"],"items_purchased":["EmptyFist"],"item_purchase_floors":[3],"items_purged":["Normality"],"items_purged_floors":[3],"character_chosen":"WATCHER","card_choices":[{"picked":"SKIP","not_picked":["Crescendo","JustLucky","EmptyBody"],"floor":1},{"picked":"SandsOfTime","not_picked":["Adaptation","Consecrate"],"floor":2},{"picked":"FlurryOfBlows","not_picked":["CrushJoints","Crescendo"],"floor":7},{"picked":"SKIP","not_picked":["WaveOfTheHand","EmptyBody","FlurryOfBlows"],"floor":11},{"picked":"Halt","not_picked":["Evaluate","WreathOfFlame"],"floor":12},{"picked":"Sanctity","not_picked":["SpiritShield","EmptyFist"],"floor":13}],"event_choices":[{"event_name":"Golden Wing","player_choice":"Card Removal","floor":4,"cards_obtained":null,"cards_removed":["Strike_P"],"cards_transformed":null,"cards_upgraded":null,"relics_obtained":null,"potions_obtained":null,"relics_lost":null,"damage_taken":7,"damage_healed":0,"max_hp_loss":0,"max_hp_gain":0,"gold_gain":0,"gold_loss":0},{"event_name":"Liars Game","player_choice":"AGREE","floor":5,"cards_obtained":["Doubt"],"cards_removed":null,"cards_transformed":null,"cards_upgraded":null,"relics_obtained":null,"potions_obtained":null,"relics_lost":null,"damage_taken":0,"damage_healed":0,"max_hp_loss":0,"max_hp_gain":0,"gold_gain":175,"gold_loss":0},{"event_name":"Accursed Blacksmith","player_choice":"Forge","floor":10,"cards_obtained":null,"cards_removed":null,"cards_transformed":null,"cards_upgraded":["Eruption"],"relics_obtained":null,"potions_obtained":null,"relics_lost":null,"damage_taken":0,"damage_healed":0,"max_hp_loss":0,"max_hp_gain":0,"gold_gain":0,"gold_loss":0},{"event_name":"Big Fish","player_choice":"Donut","floor":14,"cards_obtained":null,"cards_removed":null,"cards_transformed":null,"cards_upgraded":null,"relics_obtained":null,"potions_obtained":null,"relics_lost":null,"damage_taken":0,"damage_healed":0,"max_hp_loss":0,"max_hp_gain":5,"gold_gain":0,"gold_loss":0}],"boss_relics":[],"damage_taken":[{"floor":1,"enemies":"Cultist","damage":0,"turns":3},{"floor":2,"enemies":"2 Louse","damage":0,"turns":2},{"floor":7,"enemies":"3 Sentries","damage":57,"turns":12},{"floor":11,"enemies":"Small Slimes","damage":0,"turns":2},{"floor":12,"enemies":"Red Slaver","damage":6,"turns":2},{"floor":13,"enemies":"Gremlin Nob","damage":0,"turns":3},{"floor":16,"enemies":"Hexaghost","damage":39,"turns":9}],"potions_obtained":[{"key":"Regen Potion","floor":7},{"key":"ColorlessPotion","floor":11},{"key":"Fire Potion","floor":13}],"relics_obtained":[{"key":"PreservedInsect","floor":7},{"key":"Mercury Hourglass","floor":9},{"key":"Oddly Smooth Stone","floor":13}],"campfire_choices":[{"floor":6,"key":"SMITH","data":"SandsOfTime"},{"floor":8,"key":"REST"},{"floor":15,"key":"SMITH","data":"FlurryOfBlows"}],"circlet_count":0,"win_rate":0,"killed_by":"Hexaghost"}