{"play_id":"06597e0b-1677-4268-bd56-f0f94dd0ddad","build_version":"2020-01-27","seed_played":"-3610244455514967269","chose_seed":false,"seed_source_timestamp":0,"is_daily":false,"special_seed":0,"is_trial":false,"is_endless":false,"is_ascension_mode":true,"ascension_level":11,"neow_bonus":"BOSS_RELIC","neow_cost":"NONE","is_beta":false,"is_prod":false,"victory":false,"floor_reached":11,"score":110,"timestamp":1704986336,"local_time":"01/11/2024 15:18:56","playtime":258,"player_experience":490664,"master_deck":["AscendersBane","Strike_P","Strike_P","Strike_P+1","Strike_P","Defend_P","Defend_P","Defend_P","Eruption","Vigilance","Halt","PathToVictory+1","Judgement+1"],"relics":["Black Star","Strawberry","MawBank","Smiling Mask"],"gold":162,"campfire_rested":0,"campfire_upgraded":1,"purchased_purges":0,"potions_floor_spawned":[],"potions_floor_usage":[],"current_hp_per_floor":[65,65,65,51,46,31,31,31,31,57,0],"max_hp_per_floor":[72,72,72,72,72,79,79,79,79,79,79],"gold_per_floor":[110,60,11,11,25,57,69,99,138,150,162],"path_per_floor":["M","?","$","?","M","E","R","M","T","?","E"],"path_taken":["M","?","$","?","M","E","R","M","T","?","E"],"items_purchased":["PathToVictory"],"item_purchase_floors":[3],"items_purged":[],"items_purged_floors":[],"character_chosen":"WATCHER","card_choices":[{"picked":"Halt","not_picked":["CutThroughFate","Prostrate"],"floor":1},{"picked":"SKIP","not_picked":["FlurryOfBlows","Crescendo","SashWhip"],"floor":5},{"picked":"Judgement","not_picked":["SashWhip","Indignation"],"floor":6},{"picked":"SKIP","not_picked":["BowlingBash","Crescendo","TalkToTheHand"],"floor":8}],"event_choices":[{"event_name":"The Cleric","player_choice":"Card Removal","floor":2,"cards_obtained":null,"cards_removed":["Defend_P"],"cards_transformed":null,"cards_upgraded":null,"relics_obtained":null,"potions_obtained":null,"relics_lost":null,"damage_taken":0,"damage_healed":0,"max_hp_loss":0,"max_hp_gain":0,"gold_gain":0,"gold_loss":50},{"event_name":"Shining Light","player_choice":"Entered Light","floor":4,"cards_obtained":null,"cards_removed":null,"cards_transformed":null,"cards_upgraded":["Strike_P","PathToVictory"],"relics_obtained":null,"potions_obtained":null,"relics_lost":null,"damage_taken":14,"damage_healed":0,"max_hp_loss":0,"max_hp_gain":0,"gold_gain":0,"gold_loss":0},{"event_name":"Big Fish","player_choice":"Banana","floor":10,"cards_obtained":null,"cards_removed":null,"cards_transformed":null,"cards_upgraded":null,"relics_obtained":null,"potions_obtained":null,"relics_lost":null,"damage_taken":0,"damage_healed":26,"max_hp_loss":0,"max_hp_gain":0,"gold_gain":0,"gold_loss":0}],"boss_relics":[],"damage_taken":[{"floor":1,"enemies":"Small Slimes","damage":0,"turns":3},{"floor":5,"enemies":"2 Louse","damage":5,"turns":2},{"floor":6,"enemies":"Lagavulin","damage":22,"turns":6},{"floor":8,"enemies":"Jaw Worm","damage":0,"turns":1},{"floor":11,"enemies":"Gremlin Nob","damage":68,"turns":3}],"potions_obtained":[],"relics_obtained":[{"key":"Strawberry","floor":6},{"key":"MawBank","floor":6},{"key":"Smiling Mask","floor":9}],"campfire_choices":[{"floor":7,"key":"SMITH","data":"Judgement"}],"circlet_count":0,"win_rate":0,"killed_by":"Gremlin Nob"}