{"play_id":"3f58908d-2807-47d7-83e4-9efa6c1e242a","build_version":"2020-01-27","seed_played":"386062008218638440","chose_seed":false,"seed_source_timestamp":0,"is_daily":false,"special_seed":0,"is_trial":false,"is_endless":false,"is_ascension_mode":true,"ascension_level":11,"neow_bonus":"THREE_ENEMY_KILL","neow_cost":"NONE","is_beta":false,"is_prod":false,"victory":false,"floor_reached":27,"score":484,"timestamp":1704590928,"local_time":"01/07/2024 01:28:48","playtime":1230,"player_experience":485978,"master_deck":["AscendersBane","Strike_P","Defend_P","Defend_P","Defend_P","Eruption","Vigilance","ClearTheMind+1","SashWhip+1","LikeWater","SashWhip+1","TalkToTheHand","LikeWater+1","PathToVictory","Consecrate","PathToVictory","PathToVictory","Vault","Wallop+1","Fasting2+1","Ragnarok+1","Adaptation","Swivel","PathToVictory"],"relics":["PureWater","NeowsBlessing","MealTicket","Happy Flower","Strawberry","Bag of Preparation","Bottled Tornado","Astrolabe","TeardropLocket","Whetstone","FossilizedHelix","Du-Vu Doll"],"gold":76,"campfire_rested":0,"campfire_upgraded":2,"purchased_purges":1,"potions_floor_spawned":[4,13,14,16,18,20],"potions_floor_usage":[25,25],"current_hp_per_floor":[65,70,70,70,52,52,52,52,59,44,44,39,27,27,27,22,69,63,51,17,32,47,35,50,15,15,0],"max_hp_per_floor":[72,77,77,77,77,77,77,77,84,84,84,84,84,84,84,84,84,84,84,84,84,84,84,84,84,84,84],"gold_per_floor":[110,110,17,33,33,33,58,71,120,154,171,203,217,227,227,324,324,342,432,415,90,19,49,49,76,76,76],"path_per_floor":["M","?","$","M","?","R","E","M","T","E","M","E","M","M","R","B","ul","M","?","M","$","$","E","$","E","T","E"],"path_taken":["M","?","$","M","?","R","E","M","T","E","M","E","M","M","R","BOSS","M","?","?","$","?","E","$","E","T","E"],"items_purchased":["SashWhip","LikeWater","TeardropLocket","Swivel"],"item_purchase_floors":[3,3,21,22],"items_purged":["Strike_P"],"items_purged_floors":[21],"character_chosen":"WATCHER","card_choices":[{"picked":"ClearTheMind","not_picked":["FlyingSleeves","FlurryOfBlows"],"floor":1},{"picked":"SashWhip","not_picked":["FlyingSleeves","Weave"],"floor":4},{"picked":"TalkToTheHand","not_picked":["Swivel","Nirvana"],"floor":7},{"picked":"LikeWater","not_picked":["DeceiveReality","Crescendo"],"floor":8},{"picked":"PathToVictory","not_picked":["ClearTheMind","CutThroughFate"],"floor":10},{"picked":"Consecrate","not_picked":["CarveReality","FollowUp"],"floor":11},{"picked":"PathToVictory","not_picked":["TalkToTheHand","Weave"],"floor":12},{"picked":"PathToVictory","not_picked":["Consecrate","CrushJoints"],"floor":13},{"picked":"SKIP","not_picked":["CrushJoints","CutThroughFate","Halt"],"floor":14},{"picked":"Vault","not_picked":["MasterReality","ConjureBlade"],"floor":16},{"picked":"Adaptation","not_picked":["Evaluate","Crescendo"],"floor":18},{"picked":"SKIP","not_picked":["CrushJoints","ThirdEye","EmptyBody+1"],"floor":20},{"picked":"PathToVictory","not_picked":["InnerPeace","Prostrate"],"floor":23},{"picked":"SKIP","not_picked":["ReachHeaven","SashWhip","Protect+1"],"floor":25}],"event_choices":[{"event_name":"Big Fish","player_choice":"Donut","floor":2,"cards_obtained":null,"cards_removed":null,"cards_transformed":null,"cards_upgraded":null,"relics_obtained":null,"potions_obtained":null,"relics_lost":null,"damage_taken":0,"damage_healed":0,"max_hp_loss":0,"max_hp_gain":5,"gold_gain":0,"gold_loss":0},{"event_name":"Scrap Ooze","player_choice":"Success","floor":5,"cards_obtained":null,"cards_removed":null,"cards_transformed":null,"cards_upgraded":null,"relics_obtained":["MealTicket"],"potions_obtained":null,"relics_lost":null,"damage_taken":18,"damage_healed":0,"max_hp_loss":0,"max_hp_gain":0,"gold_gain":0,"gold_loss":0},{"event_name":"Knowing Skull","player_choice":"GOLD ","floor":19,"cards_obtained":[],"cards_removed":null,"cards_transformed":null,"cards_upgraded":null,"relics_obtained":null,"potions_obtained":[],"relics_lost":null,"damage_taken":12,"damage_healed":0,"max_hp_loss":0,"max_hp_gain":0,"gold_gain":90,"gold_loss":0}],"boss_relics":[{"picked":"Astrolabe","not_picked":["Snecko Eye","Runic Pyramid"]}],"damage_taken":[{"floor":1,"enemies":"2 Louse","damage":0,"turns":1},{"floor":4,"enemies":"Jaw Worm","damage":0,"turns":1},{"floor":7,"enemies":"3 Sentries","damage":0,"turns":1},{"floor":8,"enemies":"Cultist","damage":0,"turns":3},{"floor":10,"enemies":"Gremlin Nob","damage":15,"turns":5},{"floor":11,"enemies":"Gremlin Gang","damage":0,"turns":3},{"floor":12,"enemies":"3 Sentries","damage":5,"turns":8},{"floor":13,"enemies":"3 Louse","damage":12,"turns":3},{"floor":14,"enemies":"Large Slime","damage":0,"turns":4},{"floor":16,"enemies":"Hexaghost","damage":5,"turns":8},{"floor":18,"enemies":"3 Byrds","damage":6,"turns":5},{"floor":20,"enemies":"2 Thieves","damage":34,"turns":4},{"floor":23,"enemies":"Book of Stabbing","damage":12,"turns":7},{"floor":25,"enemies":"Gremlin Leader","damage":50,"turns":6},{"floor":27,"enemies":"Book of Stabbing","damage":16,"turns":5}],"potions_obtained":[{"key":"Fire Potion","floor":4},{"key":"StancePotion","floor":13},{"key":"Energy Potion","floor":14},{"key":"Regen Potion","floor":16},{"key":"SneckoOil","floor":18},{"key":"Energy Potion","floor":20}],"relics_obtained":[{"key":"Happy Flower","floor":7},{"key":"Strawberry","floor":9},{"key":"Bag of Preparation","floor":10},{"key":"Bottled Tornado","floor":12},{"key":"Whetstone","floor":23},{"key":"FossilizedHelix","floor":25},{"key":"Du-Vu Doll","floor":26}],"campfire_choices":[{"floor":6,"key":"SMITH","data":"ClearTheMind"},{"floor":15,"key":"SMITH","data":"LikeWater"}],"circlet_count":0,"win_rate":0,"killed_by":"Book of Stabbing"}