{"play_id":"4eda8a2b-508a-4a08-b05e-a481a3260715","build_version":"2020-01-27","seed_played":"-8776133424096962428","chose_seed":false,"seed_source_timestamp":0,"is_daily":false,"special_seed":0,"is_trial":false,"is_endless":false,"is_ascension_mode":true,"ascension_level":11,"neow_bonus":"ONE_RANDOM_RARE_CARD","neow_cost":"NONE","is_beta":false,"is_prod":false,"victory":false,"floor_reached":11,"score":113,"timestamp":1704723363,"local_time":"01/08/2024 14:16:03","playtime":295,"player_experience":488879,"master_deck":["AscendersBane","Strike_P","Strike_P","Strike_P","Strike_P","Defend_P","Defend_P","Defend_P","Defend_P","Eruption","Vigilance","Scrawl","Prostrate","Doubt","ReachHeaven+1","BowlingBash","WheelKick"],"relics":["PureWater","Golden Idol","Happy Flower","Bag of Marbles","Shuriken"],"gold":400,"campfire_rested":0,"campfire_upgraded":1,"purchased_purges":0,"potions_floor_spawned":[2,7],"potions_floor_usage":[7,8],"current_hp_per_floor":[56,54,54,36,36,36,32,2,2,2,0],"max_hp_per_floor":[72,72,72,72,72,72,72,72,72,72,72],"gold_per_floor":[114,126,301,301,325,325,341,377,400,400,400],"path_per_floor":["M","M","?","?","M","R","M","E","T","T","E"],"path_taken":["M","M","?","?","M","R","M","E","T","?","E"],"items_purchased":[],"item_purchase_floors":[],"items_purged":[],"items_purged_floors":[],"character_chosen":"WATCHER","card_choices":[{"picked":"Prostrate","not_picked":["Evaluate","JustLucky"],"floor":1},{"picked":"SKIP","not_picked":["FlyingSleeves","ThirdEye","MentalFortress"],"floor":2},{"picked":"ReachHeaven","not_picked":["Weave","EmptyBody"],"floor":5},{"picked":"BowlingBash","not_picked":["Study","Wireheading"],"floor":7},{"picked":"WheelKick","not_picked":["BattleHymn","EmptyFist"],"floor":8}],"event_choices":[{"event_name":"Liars Game","player_choice":"AGREE","floor":3,"cards_obtained":["Doubt"],"cards_removed":null,"cards_transformed":null,"cards_upgraded":null,"relics_obtained":null,"potions_obtained":null,"relics_lost":null,"damage_taken":0,"damage_healed":0,"max_hp_loss":0,"max_hp_gain":0,"gold_gain":175,"gold_loss":0},{"event_name":"Golden Idol","player_choice":"Take Damage","floor":4,"cards_obtained":null,"cards_removed":null,"cards_transformed":null,"cards_upgraded":null,"relics_obtained":["Golden Idol"],"potions_obtained":null,"relics_lost":null,"damage_taken":18,"damage_healed":0,"max_hp_loss":0,"max_hp_gain":0,"gold_gain":0,"gold_loss":0}],"boss_relics":[],"damage_taken":[{"floor":1,"enemies":"2 Louse","damage":9,"turns":3},{"floor":2,"enemies":"Small Slimes","damage":2,"turns":5},{"floor":5,"enemies":"Jaw Worm","damage":0,"turns":3},{"floor":7,"enemies":"Blue Slaver","damage":4,"turns":2},{"floor":8,"enemies":"Gremlin Nob","damage":30,"turns":4},{"floor":11,"enemies":"3 Sentries","damage":5,"turns":1}],"potions_obtained":[{"key":"Block Potion","floor":2},{"key":"ColorlessPotion","floor":7}],"relics_obtained":[{"key":"Happy Flower","floor":8},{"key":"Bag of Marbles","floor":9},{"key":"Shuriken","floor":10}],"campfire_choices":[{"floor":6,"key":"SMITH","data":"ReachHeaven"}],"circlet_count":0,"win_rate":0,"killed_by":"3 Sentries"}