{"play_id":"c0ca57c1-9323-4410-a454-8283df120e0f","build_version":"2020-01-27","seed_played":"732754600574352694","chose_seed":false,"seed_source_timestamp":4178273453839,"is_daily":false,"special_seed":null,"is_trial":false,"is_endless":false,"is_ascension_mode":true,"ascension_level":11,"neow_bonus":"RANDOM_COLORLESS_2","neow_cost":"NO_GOLD","is_beta":false,"is_prod":false,"victory":false,"floor_reached":14,"score":143,"timestamp":1704431858,"local_time":"01/05/2024 05:17:38","playtime":962,"player_experience":485016,"master_deck":["AscendersBane","Strike_P","Strike_P","Strike_P","Strike_P+1","Defend_P","Defend_P","Defend_P+1","Defend_P","Eruption","Vigilance","The Bomb+1","BowlingBash","Establishment","Vengeance","TalkToTheHand","CrushJoints","PathToVictory"],"relics":["PureWater","CultistMask","Happy Flower","Damaru"],"gold":163,"campfire_rested":0,"campfire_upgraded":1,"purchased_purges":0,"potions_floor_spawned":[10,11,12,13],"potions_floor_usage":[11,12,14,14],"current_hp_per_floor":[63,63,49,49,49,40,40,40,40,40,36,33,14,0],"max_hp_per_floor":[72,72,72,72,72,72,72,72,72,72,72,72,72,72],"gold_per_floor":[16,16,16,16,16,45,65,65,111,123,139,150,163,163],"path_per_floor":["M","?","?","?","$","E","M","R","T","M","M","M","M","E"],"path_taken":["M","?","?","?","$","E","M","R","T","M","?","M","M","E"],"items_purchased":[],"item_purchase_floors":[],"items_purged":[],"items_purged_floors":[],"character_chosen":"WATCHER","card_choices":[{"picked":"The Bomb","not_picked":["Mayhem","Violence"],"floor":0},{"picked":"BowlingBash","not_picked":["WaveOfTheHand","EmptyFist"],"floor":1},{"picked":"Establishment","not_picked":["PathToVictory","Nirvana"],"floor":6},{"picked":"Vengeance","not_picked":["Sanctity","EmptyFist"],"floor":7},{"picked":"TalkToTheHand","not_picked":["Halt","Indignation"],"floor":10},{"picked":"CrushJoints","not_picked":["Prostrate","ClearTheMind"],"floor":11},{"picked":"SKIP","not_picked":["FlyingSleeves","EmptyBody","Prostrate"],"floor":12},{"picked":"PathToVictory","not_picked":["Halt","Meditate"],"floor":13}],"event_choices":[{"event_name":"Golden Idol","player_choice":"Ignored","floor":2,"cards_obtained":null,"cards_removed":null,"cards_transformed":null,"cards_upgraded":null,"relics_obtained":null,"potions_obtained":null,"relics_lost":null,"damage_taken":0,"damage_healed":0,"max_hp_loss":0,"max_hp_gain":0,"gold_gain":0,"gold_loss":0},{"event_name":"Shining Light","player_choice":"Entered Light","floor":3,"cards_obtained":null,"cards_removed":null,"cards_transformed":null,"cards_upgraded":["Defend_P","Strike_P"],"relics_obtained":null,"potions_obtained":null,"relics_lost":null,"damage_taken":14,"damage_healed":0,"max_hp_loss":0,"max_hp_gain":0,"gold_gain":0,"gold_loss":0},{"event_name":"FaceTrader","player_choice":"Trade","floor":4,"cards_obtained":null,"cards_removed":null,"cards_transformed":null,"cards_upgraded":null,"relics_obtained":["CultistMask"],"potions_obtained":null,"relics_lost":null,"damage_taken":0,"damage_healed":0,"max_hp_loss":0,"max_hp_gain":0,"gold_gain":0,"gold_loss":0}],"boss_relics":[],"damage_taken":[{"floor":1,"enemies":"Jaw Worm","damage":2,"turns":4},{"floor":6,"enemies":"3 Sentries","damage":9,"turns":4},{"floor":7,"enemies":"2 Louse","damage":0,"turns":3},{"floor":10,"enemies":"Cultist","damage":0,"turns":2},{"floor":11,"enemies":"Exordium Wildlife","damage":4,"turns":3},{"floor":12,"enemies":"Gremlin Gang","damage":3,"turns":5},{"floor":13,"enemies":"Looter","damage":19,"turns":4},{"floor":14,"enemies":"Gremlin Nob","damage":54,"turns":4}],"potions_obtained":[{"key":"SpeedPotion","floor":10},{"key":"BlessingOfTheForge","floor":11},{"key":"SpeedPotion","floor":12},{"key":"SkillPotion","floor":13}],"relics_obtained":[{"key":"Happy Flower","floor":6},{"key":"Damaru","floor":9}],"campfire_choices":[{"floor":8,"key":"SMITH","data":"The Bomb"}],"circlet_count":0,"win_rate":0,"killed_by":"Gremlin Nob"}