{"play_id":"30ac27e2-1732-4424-9149-1f737a9daf3f","build_version":"2020-01-27","seed_played":"8272053526031420330","chose_seed":false,"seed_source_timestamp":6354054737076,"is_daily":false,"special_seed":null,"is_trial":false,"is_endless":false,"is_ascension_mode":true,"ascension_level":11,"neow_bonus":"THREE_ENEMY_KILL","neow_cost":"NONE","is_beta":false,"is_prod":false,"victory":false,"floor_reached":16,"score":206,"timestamp":1704986675,"local_time":"01/11/2024 15:24:35","playtime":324,"player_experience":490922,"master_deck":["AscendersBane","Strike_P","Strike_P","Strike_P","Strike_P","Defend_P+1","Eruption+1","Vigilance","ThirdEye","PathToVictory+1","Pray","Devotion+1","Prostrate","Worship"],"relics":["PureWater","NeowsBlessing","Damaru","Strawberry","Prayer Wheel","White Beast Statue"],"gold":171,"campfire_rested":0,"campfire_upgraded":2,"purchased_purges":1,"potions_floor_spawned":[8,10,12,13],"potions_floor_usage":[13,13],"current_hp_per_floor":[65,65,65,65,51,51,33,40,40,35,35,35,35,24,24,0],"max_hp_per_floor":[72,72,72,72,72,72,72,79,79,79,79,79,79,79,79,79],"gold_per_floor":[111,61,75,0,0,0,0,33,33,68,68,80,96,171,171,171],"path_per_floor":["M","?","M","$","?","R","?","E","T","E","?","M","M","?","R","B"],"path_taken":["M","?","M","$","?","R","?","E","T","E","?","M","?","?","R","BOSS"],"items_purchased":[],"item_purchase_floors":[],"items_purged":["Defend_P"],"items_purged_floors":[4],"character_chosen":"WATCHER","card_choices":[{"picked":"ThirdEye","not_picked":["CutThroughFate","Crescendo"],"floor":1},{"picked":"PathToVictory","not_picked":["BowlingBash","Study"],"floor":3},{"picked":"Pray","not_picked":["FollowUp","WreathOfFlame"],"floor":8},{"picked":"Devotion","not_picked":["ThirdEye","CrushJoints"],"floor":10},{"picked":"Prostrate","not_picked":["ClearTheMind","Consecrate"],"floor":12},{"picked":"Worship","not_picked":["FollowUp","Prostrate"],"floor":12},{"picked":"SKIP","not_picked":["CutThroughFate","Swivel","Tantrum"],"floor":13},{"picked":"SKIP","not_picked":["EmptyFist","Prostrate","ThirdEye"],"floor":13}],"event_choices":[{"event_name":"The Cleric","player_choice":"Card Removal","floor":2,"cards_obtained":null,"cards_removed":["Defend_P"],"cards_transformed":null,"cards_upgraded":null,"relics_obtained":null,"potions_obtained":null,"relics_lost":null,"damage_taken":0,"damage_healed":0,"max_hp_loss":0,"max_hp_gain":0,"gold_gain":0,"gold_loss":50},{"event_name":"Shining Light","player_choice":"Entered Light","floor":5,"cards_obtained":null,"cards_removed":null,"cards_transformed":null,"cards_upgraded":["PathToVictory","Defend_P"],"relics_obtained":null,"potions_obtained":null,"relics_lost":null,"damage_taken":14,"damage_healed":0,"max_hp_loss":0,"max_hp_gain":0,"gold_gain":0,"gold_loss":0},{"event_name":"Scrap Ooze","player_choice":"Success","floor":7,"cards_obtained":null,"cards_removed":null,"cards_transformed":null,"cards_upgraded":null,"relics_obtained":["Damaru"],"potions_obtained":null,"relics_lost":null,"damage_taken":18,"damage_healed":0,"max_hp_loss":0,"max_hp_gain":0,"gold_gain":0,"gold_loss":0},{"event_name":"Bonfire Elementals","player_choice":"Offered Basic","floor":11,"cards_obtained":null,"cards_removed":["Defend_P"],"cards_transformed":null,"cards_upgraded":null,"relics_obtained":null,"potions_obtained":null,"relics_lost":null,"damage_taken":0,"damage_healed":0,"max_hp_loss":0,"max_hp_gain":0,"gold_gain":0,"gold_loss":0},{"event_name":"World of Goop","player_choice":"Gather Gold","floor":14,"cards_obtained":null,"cards_removed":null,"cards_transformed":null,"cards_upgraded":null,"relics_obtained":null,"potions_obtained":null,"relics_lost":null,"damage_taken":11,"damage_healed":0,"max_hp_loss":0,"max_hp_gain":0,"gold_gain":75,"gold_loss":0}],"boss_relics":[],"damage_taken":[{"floor":1,"enemies":"Jaw Worm","damage":0,"turns":1},{"floor":3,"enemies":"Small Slimes","damage":0,"turns":1},{"floor":8,"enemies":"Gremlin Nob","damage":0,"turns":1},{"floor":10,"enemies":"Lagavulin","damage":5,"turns":5},{"floor":12,"enemies":"2 Louse","damage":0,"turns":2},{"floor":13,"enemies":"Lots of Slimes","damage":0,"turns":2},{"floor":16,"enemies":"Hexaghost","damage":27,"turns":4}],"potions_obtained":[{"key":"Energy Potion","floor":8},{"key":"DistilledChaos","floor":10},{"key":"Dexterity Potion","floor":13}],"relics_obtained":[{"key":"Strawberry","floor":8},{"key":"Prayer Wheel","floor":9},{"key":"White Beast Statue","floor":10}],"campfire_choices":[{"floor":6,"key":"SMITH","data":"Eruption"},{"floor":15,"key":"SMITH","data":"Devotion"}],"circlet_count":0,"win_rate":0,"killed_by":"Hexaghost"}