{"play_id":"a24b0a64-a069-4e9e-9e95-24751acac139","build_version":"2020-01-27","seed_played":"6519421075733087611","chose_seed":false,"seed_source_timestamp":5208562178988,"is_daily":false,"special_seed":null,"is_trial":false,"is_endless":false,"is_ascension_mode":true,"ascension_level":11,"neow_bonus":"THREE_ENEMY_KILL","neow_cost":"NONE","is_beta":false,"is_prod":false,"victory":false,"floor_reached":16,"score":225,"timestamp":1704675839,"local_time":"01/08/2024 01:03:59","playtime":461,"player_experience":488418,"master_deck":["AscendersBane","Strike_P","Strike_P","Strike_P","Defend_P","Defend_P","Defend_P","Defend_P","Eruption","Vigilance","ThirdEye+1","Ragnarok+1","WreathOfFlame+1","Parasite","Protect","SpiritShield","CrushJoints"],"relics":["PureWater","NeowsBlessing","Dream Catcher","Frozen Egg 2","Incense Burner","WingedGreaves"],"gold":126,"campfire_rested":1,"campfire_upgraded":1,"purchased_purges":1,"potions_floor_spawned":[1,6,8,14],"potions_floor_usage":[12,14],"current_hp_per_floor":[65,65,51,51,51,21,39,39,39,39,39,33,33,8,29,0],"max_hp_per_floor":[72,72,72,72,72,72,72,72,72,72,72,72,72,72,72,72],"gold_per_floor":[119,40,40,59,76,111,111,129,129,54,85,97,97,126,126,126],"path_per_floor":["M","$","?","M","M","E","?","M","T","$","E","M","R","E","R","B"],"path_taken":["M","$","?","M","M","E","?","M","T","$","E","M","R","E","R","BOSS"],"items_purchased":["Ragnarok"],"item_purchase_floors":[2],"items_purged":["Strike_P"],"items_purged_floors":[10],"character_chosen":"WATCHER","card_choices":[{"picked":"ThirdEye","not_picked":["ForeignInfluence","Evaluate"],"floor":1},{"picked":"SKIP","not_picked":["BowlingBash","FlyingSleeves","JustLucky"],"floor":4},{"picked":"SKIP","not_picked":["EmptyFist","FlyingSleeves","Crescendo"],"floor":5},{"picked":"WreathOfFlame","not_picked":["WheelKick","Fasting2"],"floor":6},{"picked":"SKIP","not_picked":["Protect","Halt","Omniscience"],"floor":8},{"picked":"SKIP","not_picked":["Sanctity","BowlingBash","EmptyFist"],"floor":11},{"picked":"Protect","not_picked":["FlurryOfBlows","WheelKick"],"floor":12},{"picked":"SpiritShield","not_picked":["Protect","LessonLearned"],"floor":14},{"picked":"CrushJoints","not_picked":["CutThroughFate","Prostrate"],"floor":15}],"event_choices":[{"event_name":"Shining Light","player_choice":"Entered Light","floor":3,"cards_obtained":null,"cards_removed":null,"cards_transformed":null,"cards_upgraded":["Ragnarok","ThirdEye"],"relics_obtained":null,"potions_obtained":null,"relics_lost":null,"damage_taken":14,"damage_healed":0,"max_hp_loss":0,"max_hp_gain":0,"gold_gain":0,"gold_loss":0},{"event_name":"Mushrooms","player_choice":"Healed and dodged fight","floor":7,"cards_obtained":["Parasite"],"cards_removed":null,"cards_transformed":null,"cards_upgraded":null,"relics_obtained":null,"potions_obtained":null,"relics_lost":null,"damage_taken":0,"damage_healed":18,"max_hp_loss":0,"max_hp_gain":0,"gold_gain":0,"gold_loss":0}],"boss_relics":[],"damage_taken":[{"floor":1,"enemies":"Small Slimes","damage":0,"turns":1},{"floor":4,"enemies":"2 Louse","damage":0,"turns":2},{"floor":5,"enemies":"Jaw Worm","damage":0,"turns":1},{"floor":6,"enemies":"3 Sentries","damage":30,"turns":8},{"floor":8,"enemies":"2 Fungi Beasts","damage":0,"turns":1},{"floor":11,"enemies":"Gremlin Nob","damage":0,"turns":2},{"floor":12,"enemies":"Gremlin Gang","damage":6,"turns":2},{"floor":14,"enemies":"Lagavulin","damage":25,"turns":7},{"floor":16,"enemies":"The Guardian","damage":36,"turns":2}],"potions_obtained":[{"key":"Weak Potion","floor":1},{"key":"Energy Potion","floor":6},{"key":"BottledMiracle","floor":14}],"relics_obtained":[{"key":"Dream Catcher","floor":6},{"key":"Frozen Egg 2","floor":9},{"key":"Incense Burner","floor":11},{"key":"WingedGreaves","floor":14}],"campfire_choices":[{"floor":13,"key":"SMITH","data":"WreathOfFlame"},{"floor":15,"key":"REST"}],"circlet_count":0,"win_rate":0,"killed_by":"The Guardian"}