{"play_id":"12c0334e-d173-4e79-a616-ec651fb46169","build_version":"2020-01-27","seed_played":"-3520192388500033581","chose_seed":false,"seed_source_timestamp":0,"is_daily":false,"special_seed":0,"is_trial":false,"is_endless":false,"is_ascension_mode":true,"ascension_level":11,"neow_bonus":"THREE_ENEMY_KILL","neow_cost":"NONE","is_beta":false,"is_prod":false,"victory":false,"floor_reached":25,"score":432,"timestamp":1704810209,"local_time":"01/09/2024 14:23:29","playtime":576,"player_experience":489540,"master_deck":["AscendersBane","Strike_P","Strike_P","Strike_P","Defend_P","Defend_P","Defend_P","Eruption+1","Vigilance","Perseverance+1","BattleHymn","ReachHeaven","PathToVictory","Metallicize","Double Tap","SignatureMove+1","PathToVictory","Halt+1"],"relics":["PureWater","NeowsBlessing","Tiny Chest","Orichalcum","Blue Candle","MealTicket","PrismaticShard","Philosopher's Stone","Kunai","PreservedInsect","Bronze Scales"],"gold":122,"campfire_rested":0,"campfire_upgraded":2,"purchased_purges":1,"potions_floor_spawned":[1,6,14,16,22,24],"potions_floor_usage":[22,22,23],"current_hp_per_floor":[65,65,65,53,46,46,46,46,46,46,61,59,59,51,51,24,60,51,66,66,66,65,26,26,0],"max_hp_per_floor":[72,72,72,72,72,72,72,72,72,72,72,72,72,72,72,72,72,72,72,72,72,72,72,72,72],"gold_per_floor":[109,284,284,284,284,318,318,346,392,392,123,139,152,172,172,277,277,292,2,56,56,69,103,122,122],"path_per_floor":["M","?","?","?","?","E","R","E","T","?","$","M","M","M","R","B",null,"M","$","T","?","M","E","M","E"],"path_taken":["M","?","?","?","?","E","R","E","T","?","$","M","M","M","R","BOSS","BOSS","M","?","?","?","M","E","M","E"],"items_purchased":["ReachHeaven","PrismaticShard","Kunai","PathToVictory"],"item_purchase_floors":[11,11,19,19],"items_purged":["Strike_P"],"items_purged_floors":[11],"character_chosen":"WATCHER","card_choices":[{"picked":"Perseverance","not_picked":["MentalFortress","WreathOfFlame"],"floor":1},{"picked":"BattleHymn","not_picked":["Swivel","Consecrate"],"floor":6},{"picked":"SKIP","not_picked":["Crescendo","FollowUp","Prostrate"],"floor":8},{"picked":"PathToVictory","not_picked":["Setup","Dagger Spray"],"floor":12},{"picked":"SKIP","not_picked":["Infernal Blade","Worship","Headbutt"],"floor":13},{"picked":"Metallicize","not_picked":["ThirdEye","Deflect"],"floor":14},{"picked":"Double Tap","not_picked":["Secret Weapon","Wraith Form v2"],"floor":16},{"picked":"SignatureMove+1","not_picked":["Stack","Mind Blast"],"floor":18},{"picked":"Halt+1","not_picked":["Sweeping Beam+1","Double Tap"],"floor":22},{"picked":"SKIP","not_picked":["Forethought","Nirvana+1","Havoc"],"floor":23},{"picked":"SKIP","not_picked":["Acrobatics+1","ThirdEye","Evaluate"],"floor":24}],"event_choices":[{"event_name":"Liars Game","player_choice":"AGREE","floor":2,"cards_obtained":["Doubt"],"cards_removed":null,"cards_transformed":null,"cards_upgraded":null,"relics_obtained":null,"potions_obtained":null,"relics_lost":null,"damage_taken":0,"damage_healed":0,"max_hp_loss":0,"max_hp_gain":0,"gold_gain":175,"gold_loss":0},{"event_name":"Living Wall","player_choice":"Forget","floor":3,"cards_obtained":null,"cards_removed":["Doubt"],"cards_transformed":null,"cards_upgraded":null,"relics_obtained":null,"potions_obtained":null,"relics_lost":null,"damage_taken":0,"damage_healed":0,"max_hp_loss":0,"max_hp_gain":0,"gold_gain":0,"gold_loss":0},{"event_name":"Scrap Ooze","player_choice":"Success","floor":4,"cards_obtained":null,"cards_removed":null,"cards_transformed":null,"cards_upgraded":null,"relics_obtained":["Tiny Chest"],"potions_obtained":null,"relics_lost":null,"damage_taken":12,"damage_healed":0,"max_hp_loss":0,"max_hp_gain":0,"gold_gain":0,"gold_loss":0},{"event_name":"Golden Wing","player_choice":"Card Removal","floor":5,"cards_obtained":null,"cards_removed":["Defend_P"],"cards_transformed":null,"cards_upgraded":null,"relics_obtained":null,"potions_obtained":null,"relics_lost":null,"damage_taken":7,"damage_healed":0,"max_hp_loss":0,"max_hp_gain":0,"gold_gain":0,"gold_loss":0},{"event_name":"Lab","player_choice":"Got Potions","floor":10,"cards_obtained":null,"cards_removed":null,"cards_transformed":null,"cards_upgraded":null,"relics_obtained":null,"potions_obtained":null,"relics_lost":null,"damage_taken":0,"damage_healed":0,"max_hp_loss":0,"max_hp_gain":0,"gold_gain":0,"gold_loss":0},{"event_name":"Ghosts","player_choice":"Ignored","floor":21,"cards_obtained":null,"cards_removed":null,"cards_transformed":null,"cards_upgraded":null,"relics_obtained":null,"potions_obtained":null,"relics_lost":null,"damage_taken":0,"damage_healed":0,"max_hp_loss":0,"max_hp_gain":0,"gold_gain":0,"gold_loss":0}],"boss_relics":[{"picked":"Philosopher's Stone","not_picked":["Fusion Hammer","SlaversCollar"]}],"damage_taken":[{"floor":1,"enemies":"2 Louse","damage":0,"turns":1},{"floor":6,"enemies":"Gremlin Nob","damage":0,"turns":1},{"floor":8,"enemies":"3 Sentries","damage":0,"turns":1},{"floor":12,"enemies":"Small Slimes","damage":2,"turns":3},{"floor":13,"enemies":"Cultist","damage":0,"turns":2},{"floor":14,"enemies":"Blue Slaver","damage":8,"turns":2},{"floor":16,"enemies":"Hexaghost","damage":27,"turns":6},{"floor":18,"enemies":"Chosen","damage":9,"turns":4},{"floor":22,"enemies":"2 Thieves","damage":1,"turns":3},{"floor":23,"enemies":"Slavers","damage":39,"turns":4},{"floor":24,"enemies":"Snake Plant","damage":0,"turns":1},{"floor":25,"enemies":"Book of Stabbing","damage":27,"turns":2}],"potions_obtained":[{"key":"DistilledChaos","floor":1},{"key":"FearPotion","floor":6},{"key":"Fire Potion","floor":14},{"key":"SkillPotion","floor":16},{"key":"Energy Potion","floor":22},{"key":"Energy Potion","floor":24}],"relics_obtained":[{"key":"Orichalcum","floor":6},{"key":"Blue Candle","floor":8},{"key":"MealTicket","floor":9},{"key":"PreservedInsect","floor":20},{"key":"Bronze Scales","floor":23}],"campfire_choices":[{"floor":7,"key":"SMITH","data":"Eruption"},{"floor":15,"key":"SMITH","data":"Perseverance"}],"circlet_count":0,"win_rate":0,"killed_by":"Book of Stabbing"}