{"play_id":"910b9575-ac57-4106-9f1b-b6dca3196d84","build_version":"2020-01-27","seed_played":"3650087324191713488","chose_seed":false,"seed_source_timestamp":0,"is_daily":false,"special_seed":0,"is_trial":false,"is_endless":false,"is_ascension_mode":true,"ascension_level":11,"neow_bonus":"TEN_PERCENT_HP_BONUS","neow_cost":"NONE","is_beta":false,"is_prod":false,"victory":false,"floor_reached":14,"score":140,"timestamp":1704731795,"local_time":"01/08/2024 16:36:35","playtime":366,"player_experience":489174,"master_deck":["AscendersBane","Strike_P","Strike_P","Defend_P","Defend_P","Defend_P","Defend_P","Eruption","Vigilance","CrushJoints","CutThroughFate","Regret","PathToVictory","LikeWater","Vengeance","WaveOfTheHand"],"relics":["PureWater","Blood Vial","StrikeDummy","Golden Idol"],"gold":328,"campfire_rested":1,"campfire_upgraded":0,"purchased_purges":1,"potions_floor_spawned":[8,10],"potions_floor_usage":[],"current_hp_per_floor":[65,65,65,65,65,3,26,24,24,26,5,5,5,0],"max_hp_per_floor":[79,79,79,79,79,79,79,79,79,79,79,79,73,73],"gold_per_floor":[118,68,85,10,285,311,311,322,322,337,348,328,328,328],"path_per_floor":["M","?","M","$","?","E","R","M","T","M","M","?","?","E"],"path_taken":["M","?","M","$","?","E","R","M","T","M","?","?","?","E"],"items_purchased":[],"item_purchase_floors":[],"items_purged":["Strike_P"],"items_purged_floors":[4],"character_chosen":"WATCHER","card_choices":[{"picked":"CrushJoints","not_picked":["EmptyBody","Prostrate"],"floor":1},{"picked":"CutThroughFate","not_picked":["BattleHymn","Protect"],"floor":3},{"picked":"PathToVictory","not_picked":["BowlingBash","CutThroughFate"],"floor":6},{"picked":"LikeWater","not_picked":["CrushJoints","BowlingBash"],"floor":8},{"picked":"Vengeance","not_picked":["EmptyFist","ReachHeaven"],"floor":10},{"picked":"WaveOfTheHand","not_picked":["ClearTheMind","DevaForm"],"floor":11}],"event_choices":[{"event_name":"The Cleric","player_choice":"Card Removal","floor":2,"cards_obtained":null,"cards_removed":["Strike_P"],"cards_transformed":null,"cards_upgraded":null,"relics_obtained":null,"potions_obtained":null,"relics_lost":null,"damage_taken":0,"damage_healed":0,"max_hp_loss":0,"max_hp_gain":0,"gold_gain":0,"gold_loss":50},{"event_name":"Golden Shrine","player_choice":"Desecrate","floor":5,"cards_obtained":["Regret"],"cards_removed":null,"cards_transformed":null,"cards_upgraded":null,"relics_obtained":null,"potions_obtained":null,"relics_lost":null,"damage_taken":0,"damage_healed":0,"max_hp_loss":0,"max_hp_gain":0,"gold_gain":275,"gold_loss":0},{"event_name":"World of Goop","player_choice":"Left Gold","floor":12,"cards_obtained":null,"cards_removed":null,"cards_transformed":null,"cards_upgraded":null,"relics_obtained":null,"potions_obtained":null,"relics_lost":null,"damage_taken":0,"damage_healed":0,"max_hp_loss":0,"max_hp_gain":0,"gold_gain":0,"gold_loss":20},{"event_name":"Golden Idol","player_choice":"Lose Max HP","floor":13,"cards_obtained":null,"cards_removed":null,"cards_transformed":null,"cards_upgraded":null,"relics_obtained":["Golden Idol"],"potions_obtained":null,"relics_lost":null,"damage_taken":0,"damage_healed":0,"max_hp_loss":6,"max_hp_gain":0,"gold_gain":0,"gold_loss":0}],"boss_relics":[],"damage_taken":[{"floor":1,"enemies":"2 Louse","damage":7,"turns":3},{"floor":3,"enemies":"Cultist","damage":0,"turns":2},{"floor":6,"enemies":"3 Sentries","damage":62,"turns":10},{"floor":8,"enemies":"Jaw Worm","damage":4,"turns":2},{"floor":10,"enemies":"Looter","damage":0,"turns":1},{"floor":11,"enemies":"Exordium Wildlife","damage":23,"turns":4},{"floor":14,"enemies":"Gremlin Nob","damage":37,"turns":2}],"potions_obtained":[{"key":"LiquidMemories","floor":8},{"key":"StancePotion","floor":10}],"relics_obtained":[{"key":"Blood Vial","floor":6},{"key":"StrikeDummy","floor":9}],"campfire_choices":[{"floor":7,"key":"REST"}],"circlet_count":0,"win_rate":0,"killed_by":"Gremlin Nob"}