{"play_id":"f686a0ee-3133-42d7-befa-be69718f2d5d","build_version":"2020-01-27","seed_played":"-1473239229717822947","chose_seed":false,"seed_source_timestamp":0,"is_daily":false,"special_seed":0,"is_trial":false,"is_endless":false,"is_ascension_mode":true,"ascension_level":11,"neow_bonus":"TRANSFORM_TWO_CARDS","neow_cost":"TEN_PERCENT_HP_LOSS","is_beta":false,"is_prod":false,"victory":true,"floor_reached":51,"score":1174,"timestamp":1705109580,"local_time":"01/13/2024 01:33:00","playtime":1721,"player_experience":491246,"master_deck":["AscendersBane","Strike_P+1","Strike_P","Defend_P+1","Eruption+1","Vigilance","CarveReality","BattleHymn","Wallop","PathToVictory+1","Collect+1","FearNoEvil","PathToVictory+1","SashWhip","Vault","PathToVictory+1","Worship","DeusExMachina","Vault","Worship","Master of Strategy","LikeWater+1","FearNoEvil","Prostrate+1","Writhe","Devotion+1","Doubt"],"relics":["PureWater","Calipers","Letter Opener","TungstenRod","FossilizedHelix","Runic Pyramid","Damaru","Darkstone Periapt","Boot","Old Coin","Black Star","Oddly Smooth Stone","HandDrill","Bronze Scales","Mercury Hourglass","Unceasing Top"],"gold":194,"campfire_rested":1,"campfire_upgraded":6,"purchased_purges":2,"potions_floor_spawned":[1,8,16,23,24,25,28,30,35,37,45],"potions_floor_usage":[50,50],"current_hp_per_floor":[58,63,49,49,49,49,49,46,46,46,45,45,45,28,28,28,60,60,60,60,60,58,38,28,15,15,38,24,24,23,23,44,12,56,56,56,32,32,32,32,32,14,14,38,38,38,82,82,82,13],"max_hp_per_floor":[65,70,70,70,70,70,70,70,70,70,70,70,70,70,70,70,70,70,70,70,70,70,70,70,70,70,70,70,70,70,70,70,70,70,70,70,70,70,70,70,70,70,70,76,76,76,82,82,82,82],"gold_per_floor":[112,112,112,127,5,5,17,47,47,47,57,87,87,120,120,215,215,226,83,83,97,117,147,167,181,207,207,227,227,555,555,555,659,659,669,669,688,128,148,148,159,184,184,184,194,194,194,194,194,194],"path_per_floor":["M","?","?","M","$","R","M","E","T","R","M","?","T","E","R","B","ul","M","$","?","M","M","E","M","M","T","?","M","?","E","?","R","B","ul","M","?","M","$","M","R","M","E","T","?","M","R","?","?","R","B",null],"path_taken":["M","?","?","M","$","R","M","E","T","R","?","?","?","E","R","BOSS","M","?","?","M","M","E","M","M","T","?","M","?","E","?","R","BOSS","BOSS","M","?","M","$","M","R","M","E","T","?","M","R","?","?","R","BOSS"],"items_purchased":["PathToVictory","Damaru","Oddly Smooth Stone","HandDrill","LikeWater","FearNoEvil"],"item_purchase_floors":[5,19,38,38,38,38],"items_purged":["Strike_P","Defend_P"],"items_purged_floors":[5,38],"character_chosen":"WATCHER","card_choices":[{"picked":"Wallop","not_picked":["MentalFortress","ClearTheMind"],"floor":1},{"picked":"SKIP","not_picked":["Wireheading","Protect","MentalFortress"],"floor":4},{"picked":"Collect","not_picked":["FlurryOfBlows","EmptyFist"],"floor":7},{"picked":"FearNoEvil","not_picked":["BattleHymn","Evaluate"],"floor":8},{"picked":"PathToVictory","not_picked":["ThirdEye","WindmillStrike"],"floor":11},{"picked":"SashWhip","not_picked":["DevaForm","Evaluate"],"floor":14},{"picked":"Vault","not_picked":["DeusExMachina","ConjureBlade"],"floor":16},{"picked":"PathToVictory+1","not_picked":["CutThroughFate","Prostrate"],"floor":18},{"picked":"SKIP","not_picked":["WheelKick+1","Evaluate","Meditate"],"floor":21},{"picked":"SKIP","not_picked":["FlurryOfBlows+1","Scrawl","Perseverance"],"floor":22},{"picked":"SKIP","not_picked":["Omniscience","BowlingBash","EmptyFist"],"floor":23},{"picked":"Worship","not_picked":["JustLucky+1","Adaptation"],"floor":24},{"picked":"DeusExMachina","not_picked":["Meditate","BowlingBash"],"floor":25},{"picked":"SKIP","not_picked":["Adaptation","Wireheading","WaveOfTheHand"],"floor":28},{"picked":"SKIP","not_picked":["Weave","Consecrate","CarveReality"],"floor":30},{"picked":"Vault","not_picked":["Omniscience","MasterReality"],"floor":33},{"picked":"Worship","not_picked":["Consecrate+1","Perseverance+1"],"floor":35},{"picked":"Master of Strategy","not_picked":["Madness","Impatience"],"floor":36},{"picked":"SKIP","not_picked":["JustLucky","FlyingSleeves","Crescendo+1"],"floor":37},{"picked":"SKIP","not_picked":["EmptyFist","ClearTheMind+1","EmptyBody+1"],"floor":39},{"picked":"Prostrate+1","not_picked":["BowlingBash+1","SashWhip"],"floor":41},{"picked":"SKIP","not_picked":["EmptyBody","Halt","WaveOfTheHand+1"],"floor":42},{"picked":"Devotion","not_picked":["SignatureMove","CutThroughFate"],"floor":45}],"event_choices":[{"event_name":"Big Fish","player_choice":"Donut","floor":2,"cards_obtained":null,"cards_removed":null,"cards_transformed":null,"cards_upgraded":null,"relics_obtained":null,"potions_obtained":null,"relics_lost":null,"damage_taken":0,"damage_healed":0,"max_hp_loss":0,"max_hp_gain":5,"gold_gain":0,"gold_loss":0},{"event_name":"Shining Light","player_choice":"Entered Light","floor":3,"cards_obtained":null,"cards_removed":null,"cards_transformed":null,"cards_upgraded":["Defend_P","Strike_P"],"relics_obtained":null,"potions_obtained":null,"relics_lost":null,"damage_taken":14,"damage_healed":0,"max_hp_loss":0,"max_hp_gain":0,"gold_gain":0,"gold_loss":0},{"event_name":"Dead Adventurer","player_choice":"Searched '1' times","floor":12,"cards_obtained":null,"cards_removed":null,"cards_transformed":null,"cards_upgraded":null,"relics_obtained":null,"potions_obtained":null,"relics_lost":null,"damage_taken":0,"damage_healed":0,"max_hp_loss":0,"max_hp_gain":0,"gold_gain":30,"gold_loss":0},{"event_name":"Cursed Tome","player_choice":"Ignored","floor":20,"cards_obtained":null,"cards_removed":null,"cards_transformed":null,"cards_upgraded":null,"relics_obtained":null,"potions_obtained":null,"relics_lost":null,"damage_taken":0,"damage_healed":0,"max_hp_loss":0,"max_hp_gain":0,"gold_gain":0,"gold_loss":0},{"event_name":"The Library","player_choice":"Heal","floor":27,"cards_obtained":null,"cards_removed":null,"cards_transformed":null,"cards_upgraded":null,"relics_obtained":null,"potions_obtained":null,"relics_lost":null,"damage_taken":0,"damage_healed":23,"max_hp_loss":0,"max_hp_gain":0,"gold_gain":0,"gold_loss":0},{"event_name":"Back to Basics","player_choice":"Elegance","floor":29,"cards_obtained":null,"cards_removed":["Defend_P"],"cards_transformed":null,"cards_upgraded":null,"relics_obtained":null,"potions_obtained":null,"relics_lost":null,"damage_taken":0,"damage_healed":0,"max_hp_loss":0,"max_hp_gain":0,"gold_gain":0,"gold_loss":0},{"event_name":"Vampires","player_choice":"Ignored","floor":31,"cards_obtained":null,"cards_removed":null,"cards_transformed":null,"cards_upgraded":null,"relics_obtained":null,"potions_obtained":null,"relics_lost":null,"damage_taken":0,"damage_healed":0,"max_hp_loss":0,"max_hp_gain":0,"gold_gain":0,"gold_loss":0},{"event_name":"SensoryStone","player_choice":"Memory 1","floor":36,"cards_obtained":null,"cards_removed":null,"cards_transformed":null,"cards_upgraded":null,"relics_obtained":null,"potions_obtained":null,"relics_lost":null,"damage_taken":0,"damage_healed":0,"max_hp_loss":0,"max_hp_gain":0,"gold_gain":0,"gold_loss":0},{"event_name":"Winding Halls","player_choice":"Writhe","floor":44,"cards_obtained":["Writhe"],"cards_removed":null,"cards_transformed":null,"cards_upgraded":null,"relics_obtained":null,"potions_obtained":null,"relics_lost":null,"damage_taken":0,"damage_healed":18,"max_hp_loss":0,"max_hp_gain":0,"gold_gain":0,"gold_loss":0},{"event_name":"MindBloom","player_choice":"Heal","floor":47,"cards_obtained":["Doubt"],"cards_removed":null,"cards_transformed":null,"cards_upgraded":null,"relics_obtained":null,"potions_obtained":null,"relics_lost":null,"damage_taken":0,"damage_healed":38,"max_hp_loss":0,"max_hp_gain":0,"gold_gain":0,"gold_loss":0},{"event_name":"Lab","player_choice":"Got Potions","floor":48,"cards_obtained":null,"cards_removed":null,"cards_transformed":null,"cards_upgraded":null,"relics_obtained":null,"potions_obtained":null,"relics_lost":null,"damage_taken":0,"damage_healed":0,"max_hp_loss":0,"max_hp_gain":0,"gold_gain":0,"gold_loss":0}],"boss_relics":[{"picked":"Runic Pyramid","not_picked":["Tiny House","HolyWater"]},{"picked":"Black Star","not_picked":["Velvet Choker","Astrolabe"]}],"damage_taken":[{"floor":1,"enemies":"2 Louse","damage":7,"turns":2},{"floor":4,"enemies":"Jaw Worm","damage":0,"turns":2},{"floor":7,"enemies":"Small Slimes","damage":0,"turns":3},{"floor":8,"enemies":"Lagavulin","damage":3,"turns":5},{"floor":11,"enemies":"3 Louse","damage":1,"turns":2},{"floor":14,"enemies":"Gremlin Nob","damage":17,"turns":3},{"floor":16,"enemies":"Slime Boss","damage":0,"turns":3},{"floor":18,"enemies":"Chosen","damage":0,"turns":3},{"floor":21,"enemies":"2 Thieves","damage":0,"turns":2},{"floor":22,"enemies":"3 Cultists","damage":2,"turns":5},{"floor":23,"enemies":"Book of Stabbing","damage":20,"turns":5},{"floor":24,"enemies":"Sentry and Sphere","damage":10,"turns":4},{"floor":25,"enemies":"Shelled Parasite and Fungi","damage":25,"turns":4},{"floor":28,"enemies":"Snake Plant","damage":14,"turns":4},{"floor":30,"enemies":"Slavers","damage":10,"turns":3},{"floor":33,"enemies":"Champ","damage":32,"turns":6},{"floor":35,"enemies":"Orb Walker","damage":0,"turns":3},{"floor":37,"enemies":"3 Darklings","damage":24,"turns":4},{"floor":39,"enemies":"Jaw Worm Horde","damage":0,"turns":5},{"floor":41,"enemies":"Sphere and 2 Shapes","damage":0,"turns":5},{"floor":42,"enemies":"Nemesis","damage":18,"turns":6},{"floor":45,"enemies":"4 Shapes","damage":0,"turns":4},{"floor":50,"enemies":"Time Eater","damage":78,"turns":7}],"potions_obtained":[{"key":"Energy Potion","floor":1},{"key":"Energy Potion","floor":8},{"key":"AttackPotion","floor":16},{"key":"BlessingOfTheForge","floor":23},{"key":"Regen Potion","floor":24},{"key":"Regen Potion","floor":25},{"key":"AttackPotion","floor":28},{"key":"Explosive Potion","floor":30},{"key":"AttackPotion","floor":35},{"key":"DuplicationPotion","floor":37},{"key":"SneckoOil","floor":45},{"key":"CultistPotion","floor":48},{"key":"Regen Potion","floor":48}],"relics_obtained":[{"key":"Calipers","floor":8},{"key":"Letter Opener","floor":9},{"key":"TungstenRod","floor":13},{"key":"FossilizedHelix","floor":14},{"key":"Darkstone Periapt","floor":23},{"key":"Boot","floor":26},{"key":"Old Coin","floor":30},{"key":"Bronze Scales","floor":42},{"key":"Mercury Hourglass","floor":42},{"key":"Unceasing Top","floor":43}],"campfire_choices":[{"floor":6,"key":"SMITH","data":"Eruption"},{"floor":10,"key":"SMITH","data":"Collect"},{"floor":15,"key":"SMITH","data":"PathToVictory"},{"floor":32,"key":"REST"},{"floor":40,"key":"SMITH","data":"LikeWater"},{"floor":46,"key":"SMITH","data":"Devotion"},{"floor":49,"key":"SMITH","data":"PathToVictory"}],"circlet_count":0,"win_rate":0,"killed_by":null}