{"play_id":"5a3f13bf-716f-461f-aecf-8deda8cdc0d1","build_version":"2020-01-27","seed_played":"-7371605944935963511","chose_seed":false,"seed_source_timestamp":0,"is_daily":false,"special_seed":0,"is_trial":false,"is_endless":false,"is_ascension_mode":true,"ascension_level":12,"neow_bonus":"BOSS_RELIC","neow_cost":"NONE","is_beta":false,"is_prod":false,"victory":false,"floor_reached":16,"score":170,"timestamp":1709869848,"local_time":"03/08/2024 03:50:48","playtime":511,"player_experience":571216,"master_deck":["AscendersBane","Strike_P+1","Strike_P","Defend_P","Defend_P","Eruption+1","Vigilance+1","CarveReality+1","Swivel+1","Judgement+1","SandsOfTime+1","InnerPeace+1","Protect+1"],"relics":["Astrolabe","Juzu Bracelet","Darkstone Periapt","Lantern","Omamori"],"gold":153,"campfire_rested":0,"campfire_upgraded":4,"purchased_purges":1,"potions_floor_spawned":[1,10,14],"potions_floor_usage":[16],"current_hp_per_floor":[64,64,64,50,50,43,43,43,43,43,43,43,43,27,27,0],"max_hp_per_floor":[72,72,72,72,72,72,72,72,72,72,72,72,72,72,72,72],"gold_per_floor":[110,35,53,53,53,82,82,82,105,124,124,124,124,153,153,153],"path_per_floor":["M","$","M","?","$","E","T","R","T","M","R","?","R","E","R","B"],"path_taken":["M","$","?","?","$","E","?","R","T","M","R","?","R","E","R","BOSS"],"items_purchased":[],"item_purchase_floors":[],"items_purged":["Strike_P"],"items_purged_floors":[2],"character_chosen":"WATCHER","card_choices":[{"picked":"SKIP","not_picked":["Sanctity","EmptyBody","PathToVictory"],"floor":1},{"picked":"SandsOfTime","not_picked":["WreathOfFlame","Weave"],"floor":3},{"picked":"InnerPeace","not_picked":["ClearTheMind","WheelKick"],"floor":6},{"picked":"SKIP","not_picked":["TalkToTheHand","Sanctity","WaveOfTheHand"],"floor":10},{"picked":"Protect","not_picked":["BowlingBash","Crescendo"],"floor":14}],"event_choices":[{"event_name":"Shining Light","player_choice":"Entered Light","floor":4,"cards_obtained":null,"cards_removed":null,"cards_transformed":null,"cards_upgraded":["SandsOfTime","Strike_P"],"relics_obtained":null,"potions_obtained":null,"relics_lost":null,"damage_taken":14,"damage_healed":0,"max_hp_loss":0,"max_hp_gain":0,"gold_gain":0,"gold_loss":0},{"event_name":"The Woman in Blue","player_choice":"Bought 0 Potions","floor":12,"cards_obtained":null,"cards_removed":null,"cards_transformed":null,"cards_upgraded":null,"relics_obtained":null,"potions_obtained":null,"relics_lost":null,"damage_taken":0,"damage_healed":0,"max_hp_loss":0,"max_hp_gain":0,"gold_gain":0,"gold_loss":0}],"boss_relics":[],"damage_taken":[{"floor":1,"enemies":"Cultist","damage":1,"turns":4},{"floor":3,"enemies":"Small Slimes","damage":0,"turns":2},{"floor":6,"enemies":"3 Sentries","damage":7,"turns":4},{"floor":10,"enemies":"Jaw Worm","damage":0,"turns":2},{"floor":14,"enemies":"Gremlin Nob","damage":16,"turns":3},{"floor":16,"enemies":"Hexaghost","damage":28,"turns":9}],"potions_obtained":[{"key":"Dexterity Potion","floor":1},{"key":"Weak Potion","floor":10}],"relics_obtained":[{"key":"Juzu Bracelet","floor":6},{"key":"Darkstone Periapt","floor":7},{"key":"Lantern","floor":9},{"key":"Omamori","floor":14}],"campfire_choices":[{"floor":8,"key":"SMITH","data":"Eruption"},{"floor":11,"key":"SMITH","data":"InnerPeace"},{"floor":13,"key":"SMITH","data":"Vigilance"},{"floor":15,"key":"SMITH","data":"Protect"}],"circlet_count":0,"win_rate":0,"killed_by":"Hexaghost"}