{"play_id":"ea9ec937-caca-46c9-8130-39fdd7b6c4a1","build_version":"2020-01-27","seed_played":"7098117768983100389","chose_seed":false,"seed_source_timestamp":0,"is_daily":false,"special_seed":0,"is_trial":false,"is_endless":false,"is_ascension_mode":true,"ascension_level":12,"neow_bonus":"ONE_RANDOM_RARE_CARD","neow_cost":"NONE","is_beta":false,"is_prod":false,"victory":false,"floor_reached":12,"score":138,"timestamp":1709780185,"local_time":"03/07/2024 02:56:25","playtime":343,"player_experience":569580,"master_deck":["AscendersBane","Strike_P","Strike_P","Defend_P","Defend_P","Defend_P","Defend_P","Eruption","Vigilance","Wish","FlurryOfBlows","FlurryOfBlows","PathToVictory","SignatureMove","BowlingBash","Adaptation","Meditate"],"relics":["PureWater","FaceOfCleric","Centennial Puzzle","Smiling Mask","White Beast Statue"],"gold":143,"campfire_rested":1,"campfire_upgraded":0,"purchased_purges":1,"potions_floor_spawned":[3,6],"potions_floor_usage":[],"current_hp_per_floor":[53,53,51,51,51,13,13,35,35,9,2,0],"max_hp_per_floor":[72,72,72,72,72,73,74,74,74,75,75,75],"gold_per_floor":[139,41,86,15,15,69,87,87,110,143,143,143],"path_per_floor":["M","$","M","$","?","E","M","R","T","E","?","M"],"path_taken":["M","?","M","$","?","E","?","R","T","E","?","M"],"items_purchased":["FlurryOfBlows","SignatureMove"],"item_purchase_floors":[2,4],"items_purged":["Strike_P"],"items_purged_floors":[2],"character_chosen":"WATCHER","card_choices":[{"picked":"FlurryOfBlows","not_picked":["Prostrate","Adaptation"],"floor":1},{"picked":"PathToVictory","not_picked":["Evaluate","ForeignInfluence"],"floor":3},{"picked":"BowlingBash","not_picked":["EmptyMind","Crescendo"],"floor":6},{"picked":"Adaptation","not_picked":["CutThroughFate","Scrawl"],"floor":7},{"picked":"Meditate","not_picked":["Devotion","FlurryOfBlows"],"floor":10}],"event_choices":[{"event_name":"FaceTrader","player_choice":"Trade","floor":5,"cards_obtained":null,"cards_removed":null,"cards_transformed":null,"cards_upgraded":null,"relics_obtained":["FaceOfCleric"],"potions_obtained":null,"relics_lost":null,"damage_taken":0,"damage_healed":0,"max_hp_loss":0,"max_hp_gain":0,"gold_gain":0,"gold_loss":0},{"event_name":"Golden Wing","player_choice":"Card Removal","floor":11,"cards_obtained":null,"cards_removed":["Strike_P"],"cards_transformed":null,"cards_upgraded":null,"relics_obtained":null,"potions_obtained":null,"relics_lost":null,"damage_taken":7,"damage_healed":0,"max_hp_loss":0,"max_hp_gain":0,"gold_gain":0,"gold_loss":0}],"boss_relics":[],"damage_taken":[{"floor":1,"enemies":"Cultist","damage":12,"turns":3},{"floor":3,"enemies":"Jaw Worm","damage":2,"turns":3},{"floor":6,"enemies":"3 Sentries","damage":39,"turns":8},{"floor":7,"enemies":"Small Slimes","damage":1,"turns":2},{"floor":10,"enemies":"Lagavulin","damage":27,"turns":6},{"floor":12,"enemies":"3 Louse","damage":8,"turns":1}],"potions_obtained":[{"key":"DistilledChaos","floor":3},{"key":"ColorlessPotion","floor":6}],"relics_obtained":[{"key":"Centennial Puzzle","floor":6},{"key":"Smiling Mask","floor":9},{"key":"White Beast Statue","floor":10}],"campfire_choices":[{"floor":8,"key":"REST"}],"circlet_count":0,"win_rate":0,"killed_by":"3 Louse"}