{"play_id":"c5a26fa1-7488-451b-b5c8-ebb0a85a7908","build_version":"2020-01-27","seed_played":"8362072525183938743","chose_seed":false,"seed_source_timestamp":33440831687,"is_daily":false,"special_seed":null,"is_trial":false,"is_endless":false,"is_ascension_mode":true,"ascension_level":12,"neow_bonus":"THREE_ENEMY_KILL","neow_cost":"NONE","is_beta":false,"is_prod":false,"victory":false,"floor_reached":16,"score":163,"timestamp":1709349321,"local_time":"03/02/2024 03:15:21","playtime":1507,"player_experience":562379,"master_deck":["AscendersBane","Strike_P","Strike_P","Strike_P","Strike_P","Defend_P","Defend_P+1","Defend_P","Eruption","Vigilance","Protect","EmptyFist","Worship+1","ThirdEye","ConjureBlade+1","Purity","DevaForm+1","Wallop+1"],"relics":["PureWater","NeowsBlessing","Letter Opener","Mummified Hand"],"gold":155,"campfire_rested":0,"campfire_upgraded":3,"purchased_purges":0,"potions_floor_spawned":[1,11,14],"potions_floor_usage":[7,16,16],"current_hp_per_floor":[65,65,65,65,65,65,48,48,48,48,45,45,31,31,31,0],"max_hp_per_floor":[72,72,72,72,72,72,72,72,72,72,72,72,72,72,72,72],"gold_per_floor":[109,59,35,54,74,74,99,99,99,99,118,138,138,155,155,155],"path_per_floor":["M","?","$","M","M","R","E","?","T","R","M","M","?","M","R","B"],"path_taken":["M","?","$","M","M","R","E","?","T","R","?","M","?","M","R","BOSS"],"items_purchased":["EmptyFist"],"item_purchase_floors":[3],"items_purged":[],"items_purged_floors":[],"character_chosen":"WATCHER","card_choices":[{"picked":"Protect","not_picked":["EmptyMind","Evaluate"],"floor":1},{"picked":"Worship","not_picked":["Tantrum","WheelKick"],"floor":4},{"picked":"ThirdEye","not_picked":["FlyingSleeves","CrushJoints"],"floor":5},{"picked":"ConjureBlade","not_picked":["CarveReality","DevaForm"],"floor":7},{"picked":"Wallop","not_picked":["EmptyFist","ThirdEye"],"floor":11},{"picked":"SKIP","not_picked":["ThirdEye","EmptyBody","Protect"],"floor":12},{"picked":"SKIP","not_picked":["Wallop","SandsOfTime","Tantrum"],"floor":14}],"event_choices":[{"event_name":"The Cleric","player_choice":"Card Removal","floor":2,"cards_obtained":null,"cards_removed":["Defend_P"],"cards_transformed":null,"cards_upgraded":null,"relics_obtained":null,"potions_obtained":null,"relics_lost":null,"damage_taken":0,"damage_healed":0,"max_hp_loss":0,"max_hp_gain":0,"gold_gain":0,"gold_loss":50},{"event_name":"Match and Keep!","player_choice":"2 cards matched","floor":8,"cards_obtained":["Purity","DevaForm"],"cards_removed":null,"cards_transformed":null,"cards_upgraded":null,"relics_obtained":null,"potions_obtained":null,"relics_lost":null,"damage_taken":0,"damage_healed":0,"max_hp_loss":0,"max_hp_gain":0,"gold_gain":0,"gold_loss":0},{"event_name":"Shining Light","player_choice":"Entered Light","floor":13,"cards_obtained":null,"cards_removed":null,"cards_transformed":null,"cards_upgraded":["Wallop","Defend_P"],"relics_obtained":null,"potions_obtained":null,"relics_lost":null,"damage_taken":14,"damage_healed":0,"max_hp_loss":0,"max_hp_gain":0,"gold_gain":0,"gold_loss":0}],"boss_relics":[],"damage_taken":[{"floor":1,"enemies":"Jaw Worm","damage":0,"turns":1},{"floor":4,"enemies":"Small Slimes","damage":0,"turns":1},{"floor":5,"enemies":"Cultist","damage":0,"turns":1},{"floor":7,"enemies":"Gremlin Nob","damage":17,"turns":4},{"floor":11,"enemies":"3 Louse","damage":3,"turns":3},{"floor":12,"enemies":"Blue Slaver","damage":0,"turns":3},{"floor":14,"enemies":"2 Fungi Beasts","damage":0,"turns":3},{"floor":16,"enemies":"Hexaghost","damage":34,"turns":9}],"potions_obtained":[{"key":"Weak Potion","floor":1},{"key":"EssenceOfSteel","floor":11},{"key":"GamblersBrew","floor":14}],"relics_obtained":[{"key":"Letter Opener","floor":7},{"key":"Mummified Hand","floor":9}],"campfire_choices":[{"floor":6,"key":"SMITH","data":"Worship"},{"floor":10,"key":"SMITH","data":"ConjureBlade"},{"floor":15,"key":"SMITH","data":"DevaForm"}],"circlet_count":0,"win_rate":0,"killed_by":"Hexaghost"}