{"play_id":"1d902f16-fec8-4d7f-bea1-3bc8c4e914c0","build_version":"2020-01-27","seed_played":"-2147242942021290813","chose_seed":false,"seed_source_timestamp":0,"is_daily":false,"special_seed":0,"is_trial":false,"is_endless":false,"is_ascension_mode":true,"ascension_level":12,"neow_bonus":"THREE_ENEMY_KILL","neow_cost":"NONE","is_beta":false,"is_prod":false,"victory":false,"floor_reached":33,"score":506,"timestamp":1709318340,"local_time":"03/01/2024 18:39:00","playtime":1239,"player_experience":561140,"master_deck":["AscendersBane","Strike_P","Strike_P","Defend_P","Defend_P","Eruption+1","Vigilance","Halt","BowlingBash+1","FearNoEvil+1","EmptyFist","Judgement+1","Wallop+1","Protect","Vault+1","Adaptation+1","Shame","MentalFortress+1","TalkToTheHand+1","TalkToTheHand+1"],"relics":["PureWater","NeowsBlessing","Strawberry","Torii","Frozen Egg 2","Empty Cage","CaptainsWheel","Blood Vial","Tiny Chest","Incense Burner","Happy Flower","Mercury Hourglass","Regal Pillow","Centennial Puzzle"],"gold":126,"campfire_rested":0,"campfire_upgraded":7,"purchased_purges":1,"potions_floor_spawned":[6,8,13,18,24],"potions_floor_usage":[24,33],"current_hp_per_floor":[65,65,65,65,70,49,49,22,22,22,21,12,6,25,25,2,64,64,64,64,64,64,64,51,51,51,51,53,55,55,55,55,0],"max_hp_per_floor":[72,72,72,72,77,84,84,84,84,84,84,84,84,84,84,84,84,84,84,84,84,84,84,84,84,84,84,84,84,84,84,84,84],"gold_per_floor":[111,122,135,38,38,69,69,98,98,98,111,122,136,211,211,314,314,332,332,24,24,24,24,55,55,55,55,90,103,103,126,126,126],"path_per_floor":["M","M","M","$","?","E","?","E","T","R","M","M","M","?","R","B",null,"M","?","$","?","?","R","E","R","T","R","E","M","R","T","R","B"],"path_taken":["M","?","M","$","?","E","?","E","T","R","M","?","M","?","R","BOSS","M","?","$","?","?","R","E","R","T","R","E","M","R","?","R","BOSS"],"items_purchased":["EmptyFist","Blood Vial","Tiny Chest"],"item_purchase_floors":[4,20,20],"items_purged":["Defend_P"],"items_purged_floors":[4],"character_chosen":"WATCHER","card_choices":[{"picked":"Halt","not_picked":["Crescendo","ClearTheMind"],"floor":1},{"picked":"BowlingBash","not_picked":["Perseverance","JustLucky"],"floor":2},{"picked":"FearNoEvil","not_picked":["EmptyBody","Prostrate"],"floor":3},{"picked":"Judgement","not_picked":["SignatureMove","Establishment"],"floor":6},{"picked":"SKIP","not_picked":["Study","SandsOfTime","Halt"],"floor":8},{"picked":"Wallop","not_picked":["Crescendo","Prostrate"],"floor":11},{"picked":"SKIP","not_picked":["CrushJoints","BowlingBash","FollowUp"],"floor":12},{"picked":"Protect","not_picked":["JustLucky","Wish"],"floor":13},{"picked":"Vault","not_picked":["ConjureBlade","Scrawl"],"floor":16},{"picked":"Adaptation+1","not_picked":["ClearTheMind","FlyingSleeves"],"floor":18},{"picked":"MentalFortress+1","not_picked":["Brilliance","PathToVictory"],"floor":24},{"picked":"TalkToTheHand+1","not_picked":["Meditate","Consecrate"],"floor":28},{"picked":"TalkToTheHand","not_picked":["Swivel","ClearTheMind"],"floor":29}],"event_choices":[{"event_name":"Big Fish","player_choice":"Donut","floor":5,"cards_obtained":null,"cards_removed":null,"cards_transformed":null,"cards_upgraded":null,"relics_obtained":null,"potions_obtained":null,"relics_lost":null,"damage_taken":0,"damage_healed":0,"max_hp_loss":0,"max_hp_gain":5,"gold_gain":0,"gold_loss":0},{"event_name":"Bonfire Elementals","player_choice":"Offered Basic","floor":7,"cards_obtained":null,"cards_removed":["Strike_P"],"cards_transformed":null,"cards_upgraded":null,"relics_obtained":null,"potions_obtained":null,"relics_lost":null,"damage_taken":0,"damage_healed":0,"max_hp_loss":0,"max_hp_gain":0,"gold_gain":0,"gold_loss":0},{"event_name":"World of Goop","player_choice":"Gather Gold","floor":14,"cards_obtained":null,"cards_removed":null,"cards_transformed":null,"cards_upgraded":null,"relics_obtained":null,"potions_obtained":null,"relics_lost":null,"damage_taken":11,"damage_healed":0,"max_hp_loss":0,"max_hp_gain":0,"gold_gain":75,"gold_loss":0},{"event_name":"The Mausoleum","player_choice":"Opened","floor":19,"cards_obtained":null,"cards_removed":null,"cards_transformed":null,"cards_upgraded":null,"relics_obtained":["CaptainsWheel"],"potions_obtained":null,"relics_lost":null,"damage_taken":0,"damage_healed":0,"max_hp_loss":0,"max_hp_gain":0,"gold_gain":0,"gold_loss":0},{"event_name":"Addict","player_choice":"Stole Relic","floor":21,"cards_obtained":["Shame"],"cards_removed":null,"cards_transformed":null,"cards_upgraded":null,"relics_obtained":["Incense Burner"],"potions_obtained":null,"relics_lost":null,"damage_taken":0,"damage_healed":0,"max_hp_loss":0,"max_hp_gain":0,"gold_gain":0,"gold_loss":0},{"event_name":"Vampires","player_choice":"Ignored","floor":22,"cards_obtained":null,"cards_removed":null,"cards_transformed":null,"cards_upgraded":null,"relics_obtained":null,"potions_obtained":null,"relics_lost":null,"damage_taken":0,"damage_healed":0,"max_hp_loss":0,"max_hp_gain":0,"gold_gain":0,"gold_loss":0}],"boss_relics":[{"picked":"Empty Cage","not_picked":["Velvet Choker","Tiny House"]}],"damage_taken":[{"floor":1,"enemies":"Cultist","damage":0,"turns":1},{"floor":2,"enemies":"2 Louse","damage":0,"turns":1},{"floor":3,"enemies":"Jaw Worm","damage":0,"turns":1},{"floor":6,"enemies":"Gremlin Nob","damage":28,"turns":4},{"floor":8,"enemies":"Lagavulin","damage":27,"turns":6},{"floor":11,"enemies":"Exordium Wildlife","damage":1,"turns":2},{"floor":12,"enemies":"Blue Slaver","damage":9,"turns":3},{"floor":13,"enemies":"3 Louse","damage":6,"turns":2},{"floor":16,"enemies":"Hexaghost","damage":23,"turns":12},{"floor":18,"enemies":"Spheric Guardian","damage":0,"turns":3},{"floor":24,"enemies":"Slavers","damage":15,"turns":6},{"floor":28,"enemies":"Gremlin Leader","damage":0,"turns":7},{"floor":29,"enemies":"3 Byrds","damage":0,"turns":4},{"floor":33,"enemies":"Collector","damage":75,"turns":10}],"potions_obtained":[{"key":"Strength Potion","floor":6},{"key":"Fire Potion","floor":8},{"key":"FairyPotion","floor":13},{"key":"Energy Potion","floor":18},{"key":"Explosive Potion","floor":24}],"relics_obtained":[{"key":"Strawberry","floor":6},{"key":"Torii","floor":8},{"key":"Frozen Egg 2","floor":9},{"key":"Happy Flower","floor":24},{"key":"Mercury Hourglass","floor":26},{"key":"Regal Pillow","floor":28},{"key":"Centennial Puzzle","floor":31}],"campfire_choices":[{"floor":10,"key":"SMITH","data":"Judgement"},{"floor":15,"key":"SMITH","data":"Eruption"},{"floor":23,"key":"SMITH","data":"Vault"},{"floor":25,"key":"SMITH","data":"BowlingBash"},{"floor":27,"key":"SMITH","data":"Wallop"},{"floor":30,"key":"SMITH","data":"TalkToTheHand"},{"floor":32,"key":"SMITH","data":"FearNoEvil"}],"circlet_count":0,"win_rate":0,"killed_by":"Collector"}