{"play_id":"b5ee738a-582f-452f-a945-c72069749eb8","build_version":"2020-01-27","seed_played":"1821341701831971316","chose_seed":false,"seed_source_timestamp":0,"is_daily":false,"special_seed":0,"is_trial":false,"is_endless":false,"is_ascension_mode":true,"ascension_level":12,"neow_bonus":"BOSS_RELIC","neow_cost":"NONE","is_beta":false,"is_prod":false,"victory":false,"floor_reached":36,"score":677,"timestamp":1709141500,"local_time":"02/28/2024 17:31:40","playtime":1203,"player_experience":559383,"master_deck":["AscendersBane","Eruption+1","Vigilance+1","CurseOfTheBell","PathToVictory+1","Consecrate+1","Meditate+1","Scrawl+1","PathToVictory+1","Adaptation+1","Devotion+1","Blasphemy","Prostrate","Indignation","FlurryOfBlows","Conclude"],"relics":["Calling Bell","Orichalcum","Meat on the Bone","Turnip","War Paint","MawBank","Regal Pillow","Runic Pyramid","DollysMirror","Toy Ornithopter","Frozen Egg 2","InkBottle","Pandora's Box"],"gold":248,"campfire_rested":2,"campfire_upgraded":4,"purchased_purges":2,"potions_floor_spawned":[1,10,16,22,24,25,29],"potions_floor_usage":[33,33],"current_hp_per_floor":[57,43,43,36,36,36,30,30,30,20,20,32,32,32,32,17,58,52,50,50,50,38,72,68,47,47,47,47,47,47,37,72,50,67,53,0],"max_hp_per_floor":[72,72,72,72,72,72,72,72,72,72,72,72,72,72,72,72,72,72,72,72,72,72,72,72,72,72,72,72,72,72,72,72,72,72,72,72],"gold_per_floor":[111,111,11,11,11,11,21,21,47,72,84,116,303,60,60,160,160,178,191,191,35,54,54,65,93,93,93,93,119,119,133,133,229,229,248,248],"path_per_floor":["M","?","$","?","$","R","M","R","T","E","$","M","?","$","R","B","ul","M","M","?","$","M","R","M","E","T","R","?","E","?","M","R","B",null,"M","?"],"path_taken":["M","?","$","?","?","R","M","R","T","E","$","?","?","$","R","BOSS","M","M","?","$","M","R","?","E","T","R","?","E","?","?","R","BOSS","M","?"],"items_purchased":["Consecrate","Regal Pillow","DollysMirror"],"item_purchase_floors":[3,14,21],"items_purged":["Strike_P","Strike_P"],"items_purged_floors":[3,14],"character_chosen":"WATCHER","card_choices":[{"picked":"PathToVictory","not_picked":["Consecrate","FollowUp"],"floor":1},{"picked":"Meditate","not_picked":["BattleHymn","Halt"],"floor":7},{"picked":"SKIP","not_picked":["TalkToTheHand","BattleHymn","InnerPeace"],"floor":10},{"picked":"SKIP","not_picked":["Crescendo","FlyingSleeves","Evaluate"],"floor":12},{"picked":"Scrawl","not_picked":["SpiritShield","Ragnarok"],"floor":16},{"picked":"SKIP","not_picked":["Prostrate+1","Consecrate","JustLucky"],"floor":18},{"picked":"SKIP","not_picked":["Collect","ThirdEye","EmptyBody"],"floor":19},{"picked":"SKIP","not_picked":["JustLucky","BattleHymn","Evaluate"],"floor":22},{"picked":"SKIP","not_picked":["FollowUp","BowlingBash","CrushJoints"],"floor":24},{"picked":"Adaptation+1","not_picked":["Meditate","ThirdEye"],"floor":25},{"picked":"SKIP","not_picked":["SashWhip","Collect","FlyingSleeves"],"floor":29},{"picked":"SKIP","not_picked":["Wallop+1","Consecrate","CutThroughFate+1"],"floor":31},{"picked":"Devotion+1","not_picked":["Brilliance","SpiritShield"],"floor":33},{"picked":"SKIP","not_picked":["CarveReality","EmptyMind+1","CrushJoints"],"floor":35}],"event_choices":[{"event_name":"Shining Light","player_choice":"Entered Light","floor":2,"cards_obtained":null,"cards_removed":null,"cards_transformed":null,"cards_upgraded":["Defend_P","Defend_P"],"relics_obtained":null,"potions_obtained":null,"relics_lost":null,"damage_taken":14,"damage_healed":0,"max_hp_loss":0,"max_hp_gain":0,"gold_gain":0,"gold_loss":0},{"event_name":"Golden Wing","player_choice":"Card Removal","floor":4,"cards_obtained":null,"cards_removed":["Defend_P"],"cards_transformed":null,"cards_upgraded":null,"relics_obtained":null,"potions_obtained":null,"relics_lost":null,"damage_taken":7,"damage_healed":0,"max_hp_loss":0,"max_hp_gain":0,"gold_gain":0,"gold_loss":0},{"event_name":"Liars Game","player_choice":"AGREE","floor":13,"cards_obtained":["Doubt"],"cards_removed":null,"cards_transformed":null,"cards_upgraded":null,"relics_obtained":null,"potions_obtained":null,"relics_lost":null,"damage_taken":0,"damage_healed":0,"max_hp_loss":0,"max_hp_gain":0,"gold_gain":175,"gold_loss":0},{"event_name":"Accursed Blacksmith","player_choice":"Forge","floor":20,"cards_obtained":null,"cards_removed":null,"cards_transformed":null,"cards_upgraded":["Scrawl"],"relics_obtained":null,"potions_obtained":null,"relics_lost":null,"damage_taken":0,"damage_healed":0,"max_hp_loss":0,"max_hp_gain":0,"gold_gain":0,"gold_loss":0},{"event_name":"Back to Basics","player_choice":"Elegance","floor":28,"cards_obtained":null,"cards_removed":["Doubt"],"cards_transformed":null,"cards_upgraded":null,"relics_obtained":null,"potions_obtained":null,"relics_lost":null,"damage_taken":0,"damage_healed":0,"max_hp_loss":0,"max_hp_gain":0,"gold_gain":0,"gold_loss":0},{"event_name":"N'loth","player_choice":"Ignored","floor":30,"cards_obtained":null,"cards_removed":null,"cards_transformed":null,"cards_upgraded":null,"relics_obtained":null,"potions_obtained":null,"relics_lost":null,"damage_taken":0,"damage_healed":0,"max_hp_loss":0,"max_hp_gain":0,"gold_gain":0,"gold_loss":0},{"event_name":"MindBloom","player_choice":"Fight","floor":36,"cards_obtained":null,"cards_removed":null,"cards_transformed":null,"cards_upgraded":null,"relics_obtained":null,"potions_obtained":null,"relics_lost":null,"damage_taken":0,"damage_healed":0,"max_hp_loss":0,"max_hp_gain":0,"gold_gain":0,"gold_loss":0}],"boss_relics":[{"picked":"Runic Pyramid","not_picked":["SacredBark","Velvet Choker"]},{"picked":"Pandora's Box","not_picked":["Snecko Eye","Tiny House"]}],"damage_taken":[{"floor":1,"enemies":"2 Louse","damage":8,"turns":4},{"floor":7,"enemies":"Jaw Worm","damage":18,"turns":2},{"floor":10,"enemies":"Lagavulin","damage":22,"turns":7},{"floor":12,"enemies":"Cultist","damage":0,"turns":2},{"floor":16,"enemies":"The Guardian","damage":27,"turns":11},{"floor":18,"enemies":"2 Thieves","damage":6,"turns":4},{"floor":19,"enemies":"Shell Parasite","damage":2,"turns":4},{"floor":22,"enemies":"Snake Plant","damage":12,"turns":4},{"floor":24,"enemies":"3 Cultists","damage":4,"turns":4},{"floor":25,"enemies":"Book of Stabbing","damage":33,"turns":4},{"floor":29,"enemies":"Gremlin Leader","damage":0,"turns":3},{"floor":31,"enemies":"Shelled Parasite and Fungi","damage":22,"turns":4},{"floor":33,"enemies":"Automaton","damage":22,"turns":6},{"floor":35,"enemies":"Orb Walker","damage":14,"turns":3},{"floor":36,"enemies":"Mind Bloom Boss Battle","damage":100017,"turns":3}],"potions_obtained":[{"key":"EntropicBrew","floor":1},{"key":"Block Potion","floor":16},{"key":"Energy Potion","floor":22},{"key":"DuplicationPotion","floor":24}],"relics_obtained":[{"key":"Orichalcum","floor":0},{"key":"Meat on the Bone","floor":0},{"key":"Turnip","floor":0},{"key":"War Paint","floor":9},{"key":"MawBank","floor":10},{"key":"Toy Ornithopter","floor":25},{"key":"Frozen Egg 2","floor":26},{"key":"InkBottle","floor":29}],"campfire_choices":[{"floor":6,"key":"SMITH","data":"PathToVictory"},{"floor":8,"key":"SMITH","data":"Meditate"},{"floor":15,"key":"SMITH","data":"Eruption"},{"floor":23,"key":"REST"},{"floor":27,"key":"SMITH","data":"Consecrate"},{"floor":32,"key":"REST"}],"circlet_count":0,"win_rate":0,"killed_by":"Mind Bloom Boss Battle"}