{"play_id":"e8071a6c-5fa8-4c6d-b280-30eb207eb6d7","build_version":"2020-01-27","seed_played":"-1347218638767768858","chose_seed":false,"seed_source_timestamp":4229220749789,"is_daily":false,"special_seed":null,"is_trial":false,"is_endless":false,"is_ascension_mode":true,"ascension_level":12,"neow_bonus":"THREE_ENEMY_KILL","neow_cost":"NONE","is_beta":false,"is_prod":false,"victory":false,"floor_reached":11,"score":101,"timestamp":1709264712,"local_time":"03/01/2024 03:45:12","playtime":314,"player_experience":560826,"master_deck":["AscendersBane","Strike_P","Strike_P","Strike_P","Strike_P","Defend_P","Defend_P","Defend_P","Defend_P","Eruption+1","Vigilance","CrushJoints+1","SashWhip","Injury","DeceiveReality"],"relics":["PureWater","NeowsBlessing","Potion Belt","Golden Idol","MealTicket"],"gold":269,"campfire_rested":0,"campfire_upgraded":2,"purchased_purges":0,"potions_floor_spawned":[4,7],"potions_floor_usage":[11,11],"current_hp_per_floor":[65,54,54,54,54,54,54,54,54,54,0],"max_hp_per_floor":[72,72,72,72,72,72,72,72,72,72,72],"gold_per_floor":[118,193,193,206,206,226,246,246,269,269,269],"path_per_floor":["M","?","T","M","?","M","M","R","T","R","E"],"path_taken":["M","?","?","?","?","M","M","R","T","R","E"],"items_purchased":[],"item_purchase_floors":[],"items_purged":[],"items_purged_floors":[],"character_chosen":"WATCHER","card_choices":[{"picked":"CrushJoints","not_picked":["Crescendo","FollowUp"],"floor":1},{"picked":"SashWhip","not_picked":["FlyingSleeves","ClearTheMind"],"floor":4},{"picked":"DeceiveReality","not_picked":["EmptyMind","WreathOfFlame"],"floor":6},{"picked":"SKIP","not_picked":["ThirdEye","FollowUp","FlyingSleeves"],"floor":7}],"event_choices":[{"event_name":"World of Goop","player_choice":"Gather Gold","floor":2,"cards_obtained":null,"cards_removed":null,"cards_transformed":null,"cards_upgraded":null,"relics_obtained":null,"potions_obtained":null,"relics_lost":null,"damage_taken":11,"damage_healed":0,"max_hp_loss":0,"max_hp_gain":0,"gold_gain":75,"gold_loss":0},{"event_name":"Golden Idol","player_choice":"Take Wound","floor":5,"cards_obtained":["Injury"],"cards_removed":null,"cards_transformed":null,"cards_upgraded":null,"relics_obtained":["Golden Idol"],"potions_obtained":null,"relics_lost":null,"damage_taken":0,"damage_healed":0,"max_hp_loss":0,"max_hp_gain":0,"gold_gain":0,"gold_loss":0}],"boss_relics":[],"damage_taken":[{"floor":1,"enemies":"2 Louse","damage":0,"turns":2},{"floor":4,"enemies":"Jaw Worm","damage":0,"turns":1},{"floor":6,"enemies":"Cultist","damage":0,"turns":1},{"floor":7,"enemies":"Large Slime","damage":0,"turns":4},{"floor":11,"enemies":"3 Sentries","damage":64,"turns":6}],"potions_obtained":[{"key":"Block Potion","floor":4},{"key":"SteroidPotion","floor":7}],"relics_obtained":[{"key":"Potion Belt","floor":3},{"key":"MealTicket","floor":9}],"campfire_choices":[{"floor":8,"key":"SMITH","data":"Eruption"},{"floor":10,"key":"SMITH","data":"CrushJoints"}],"circlet_count":0,"win_rate":0,"killed_by":"3 Sentries"}