{"play_id":"c16346db-a396-4116-b721-408c7324a874","build_version":"2020-01-27","seed_played":"3862601701035962382","chose_seed":false,"seed_source_timestamp":4036680397613,"is_daily":false,"special_seed":null,"is_trial":false,"is_endless":false,"is_ascension_mode":true,"ascension_level":12,"neow_bonus":"ONE_RANDOM_RARE_CARD","neow_cost":"NONE","is_beta":false,"is_prod":false,"victory":false,"floor_reached":8,"score":90,"timestamp":1709221024,"local_time":"02/29/2024 15:37:04","playtime":240,"player_experience":560586,"master_deck":["AscendersBane","Strike_P","Strike_P","Strike_P","Strike_P","Defend_P","Defend_P","Defend_P","Eruption","Vigilance","Blasphemy","SignatureMove","Protect","Doubt","WheelKick"],"relics":["PureWater","GoldenEye","Eternal Feather"],"gold":347,"campfire_rested":0,"campfire_upgraded":0,"purchased_purges":0,"potions_floor_spawned":[2,5],"potions_floor_usage":[6,6],"current_hp_per_floor":[64,64,57,57,57,15,15,0],"max_hp_per_floor":[72,72,72,72,72,72,72,72],"gold_per_floor":[116,136,136,311,322,347,347,347],"path_per_floor":["M","M","?","?","M","E","T","E"],"path_taken":["M","M","?","?","M","E","?","E"],"items_purchased":[],"item_purchase_floors":[],"items_purged":[],"items_purged_floors":[],"character_chosen":"WATCHER","card_choices":[{"picked":"SignatureMove","not_picked":["CutThroughFate","Perseverance"],"floor":1},{"picked":"Protect","not_picked":["PathToVictory","Perseverance"],"floor":2},{"picked":"SKIP","not_picked":["Collect","WindmillStrike","Consecrate"],"floor":5},{"picked":"WheelKick","not_picked":["Halt","Study"],"floor":6}],"event_choices":[{"event_name":"Golden Wing","player_choice":"Card Removal","floor":3,"cards_obtained":null,"cards_removed":["Defend_P"],"cards_transformed":null,"cards_upgraded":null,"relics_obtained":null,"potions_obtained":null,"relics_lost":null,"damage_taken":7,"damage_healed":0,"max_hp_loss":0,"max_hp_gain":0,"gold_gain":0,"gold_loss":0},{"event_name":"Liars Game","player_choice":"AGREE","floor":4,"cards_obtained":["Doubt"],"cards_removed":null,"cards_transformed":null,"cards_upgraded":null,"relics_obtained":null,"potions_obtained":null,"relics_lost":null,"damage_taken":0,"damage_healed":0,"max_hp_loss":0,"max_hp_gain":0,"gold_gain":175,"gold_loss":0}],"boss_relics":[],"damage_taken":[{"floor":1,"enemies":"Jaw Worm","damage":1,"turns":4},{"floor":2,"enemies":"Small Slimes","damage":0,"turns":1},{"floor":5,"enemies":"Cultist","damage":0,"turns":2},{"floor":6,"enemies":"Lagavulin","damage":42,"turns":5},{"floor":8,"enemies":"3 Sentries","damage":18,"turns":5}],"potions_obtained":[{"key":"BottledMiracle","floor":2},{"key":"DistilledChaos","floor":5}],"relics_obtained":[{"key":"GoldenEye","floor":6},{"key":"Eternal Feather","floor":7}],"campfire_choices":[],"circlet_count":0,"win_rate":0,"killed_by":"3 Sentries"}