{"play_id":"76d81c29-dd69-42a2-b4f5-1be9cc86d4dd","build_version":"2020-01-27","seed_played":"3711684440847827877","chose_seed":false,"seed_source_timestamp":0,"is_daily":false,"special_seed":0,"is_trial":false,"is_endless":false,"is_ascension_mode":true,"ascension_level":12,"neow_bonus":"BOSS_RELIC","neow_cost":"NONE","is_beta":false,"is_prod":false,"victory":false,"floor_reached":45,"score":860,"timestamp":1709518341,"local_time":"03/04/2024 02:12:21","playtime":2405,"player_experience":563886,"master_deck":["AscendersBane","Strike_P+1","Defend_P","Eruption+1","Vigilance","WheelKick+1","Collect+1","CrushJoints+1","WindmillStrike+1","ForeignInfluence+1","WreathOfFlame","CurseOfTheBell","BowlingBash","Perseverance+1","SpiritShield+1","Worship+1","Writhe","FlurryOfBlows+1"],"relics":["Astrolabe","Darkstone Periapt","Gambling Chip","Singing Bowl","Calling Bell","Oddly Smooth Stone","Question Card","StoneCalendar","Juzu Bracelet","Lizard Tail","Kunai","Happy Flower","Sozu","Gremlin Horn","Molten Egg 2"],"gold":419,"campfire_rested":3,"campfire_upgraded":3,"purchased_purges":2,"potions_floor_spawned":[1,10,11,14,18,27,30,33,35,41],"potions_floor_usage":[33,33,35],"current_hp_per_floor":[65,65,65,65,65,45,82,70,70,61,61,61,61,58,58,19,74,70,70,70,70,70,49,49,49,49,21,2,32,29,29,59,39,86,47,78,78,78,69,69,7,40,40,18,0],"max_hp_per_floor":[72,72,72,72,72,72,82,82,82,82,82,82,82,84,84,84,90,92,92,92,92,92,94,94,96,96,96,101,101,101,101,101,101,101,101,107,107,107,109,109,111,111,111,111,111],"gold_per_floor":[110,110,125,141,66,96,96,112,112,125,142,42,42,57,57,158,158,169,26,125,125,50,83,83,118,144,158,158,158,170,170,170,271,271,284,284,284,284,300,300,327,327,407,419,419],"path_per_floor":["M","?","M","M","$","E","?","M","T","M","M","$","T","M","R","B","ul","M","$","?","?","?","E","R","E","T","M","?","R","M","?","R","B",null,"M","?","?","?","M","R","E","R","T","M","E"],"path_taken":["M","?","?","M","$","E","?","M","T","?","M","$","?","?","R","BOSS","M","$","?","?","?","E","R","E","T","M","?","R","M","?","R","BOSS","M","?","?","?","M","R","E","R","T","M","E"],"items_purchased":["Juzu Bracelet"],"item_purchase_floors":[19],"items_purged":["Defend_P","Strike_P"],"items_purged_floors":[5,12],"character_chosen":"WATCHER","card_choices":[{"picked":"WindmillStrike","not_picked":["Wallop","PathToVictory"],"floor":1},{"picked":"SKIP","not_picked":["ThirdEye","EmptyBody","FlyingSleeves"],"floor":3},{"picked":"LessonLearned","not_picked":["PathToVictory","FlurryOfBlows"],"floor":4},{"picked":"SKIP","not_picked":["MentalFortress","Wireheading","Wallop"],"floor":6},{"picked":"ForeignInfluence","not_picked":["EmptyMind","EmptyBody"],"floor":8},{"picked":"SKIP","not_picked":["FlyingSleeves","Pray","WheelKick"],"floor":10},{"picked":"WreathOfFlame","not_picked":["ThirdEye","PathToVictory"],"floor":11},{"picked":"Singing Bowl","not_picked":["BowlingBash","Evaluate","WaveOfTheHand"],"floor":14},{"picked":"Establishment","not_picked":["DevaForm","Scrawl"],"floor":16},{"picked":"Singing Bowl","not_picked":["SashWhip","CrushJoints","ThirdEye","Crescendo"],"floor":18},{"picked":"Singing Bowl","not_picked":["Evaluate","Omniscience","BattleHymn","Halt"],"floor":23},{"picked":"Singing Bowl","not_picked":["WindmillStrike","Crescendo","Halt","EmptyFist"],"floor":25},{"picked":"BowlingBash","not_picked":["DeceiveReality","FlyingSleeves","Crescendo+1"],"floor":27},{"picked":"Perseverance+1","not_picked":["Tantrum","FlyingSleeves","EmptyBody"],"floor":30},{"picked":"SpiritShield","not_picked":["MasterReality","Brilliance","Judgement"],"floor":33},{"picked":"Worship+1","not_picked":["Protect","ForeignInfluence","DeceiveReality+1"],"floor":35},{"picked":"Singing Bowl","not_picked":["Consecrate+1","Adaptation","WaveOfTheHand","Protect+1"],"floor":39},{"picked":"Singing Bowl","not_picked":["CutThroughFate","PathToVictory","EmptyFist","JustLucky+1"],"floor":41},{"picked":"FlurryOfBlows+1","not_picked":["Sanctity","Evaluate+1","CutThroughFate+1"],"floor":44}],"event_choices":[{"event_name":"Accursed Blacksmith","player_choice":"Forge","floor":2,"cards_obtained":null,"cards_removed":null,"cards_transformed":null,"cards_upgraded":["WindmillStrike"],"relics_obtained":null,"potions_obtained":null,"relics_lost":null,"damage_taken":0,"damage_healed":0,"max_hp_loss":0,"max_hp_gain":0,"gold_gain":0,"gold_loss":0},{"event_name":"Bonfire Elementals","player_choice":"Offered Rare","floor":7,"cards_obtained":null,"cards_removed":["LessonLearned"],"cards_transformed":null,"cards_upgraded":null,"relics_obtained":null,"potions_obtained":null,"relics_lost":null,"damage_taken":0,"damage_healed":27,"max_hp_loss":0,"max_hp_gain":10,"gold_gain":0,"gold_loss":0},{"event_name":"Nest","player_choice":"Stole From Cult","floor":20,"cards_obtained":null,"cards_removed":null,"cards_transformed":null,"cards_upgraded":null,"relics_obtained":null,"potions_obtained":null,"relics_lost":null,"damage_taken":0,"damage_healed":0,"max_hp_loss":0,"max_hp_gain":0,"gold_gain":99,"gold_loss":0},{"event_name":"The Woman in Blue","player_choice":"Bought 0 Potions","floor":21,"cards_obtained":null,"cards_removed":null,"cards_transformed":null,"cards_upgraded":null,"relics_obtained":null,"potions_obtained":null,"relics_lost":null,"damage_taken":0,"damage_healed":0,"max_hp_loss":0,"max_hp_gain":0,"gold_gain":0,"gold_loss":0},{"event_name":"Beggar","player_choice":"Gave Gold","floor":22,"cards_obtained":null,"cards_removed":["Defend_P"],"cards_transformed":null,"cards_upgraded":null,"relics_obtained":null,"potions_obtained":null,"relics_lost":null,"damage_taken":0,"damage_healed":0,"max_hp_loss":0,"max_hp_gain":0,"gold_gain":0,"gold_loss":75},{"event_name":"Forgotten Altar","player_choice":"Shed Blood","floor":28,"cards_obtained":null,"cards_removed":null,"cards_transformed":null,"cards_upgraded":null,"relics_obtained":null,"potions_obtained":null,"relics_lost":null,"damage_taken":24,"damage_healed":0,"max_hp_loss":0,"max_hp_gain":5,"gold_gain":0,"gold_loss":0},{"event_name":"Ghosts","player_choice":"Ignored","floor":31,"cards_obtained":null,"cards_removed":null,"cards_transformed":null,"cards_upgraded":null,"relics_obtained":null,"potions_obtained":null,"relics_lost":null,"damage_taken":0,"damage_healed":0,"max_hp_loss":0,"max_hp_gain":0,"gold_gain":0,"gold_loss":0},{"event_name":"Winding Halls","player_choice":"Writhe","floor":36,"cards_obtained":["Writhe"],"cards_removed":null,"cards_transformed":null,"cards_upgraded":null,"relics_obtained":null,"potions_obtained":null,"relics_lost":null,"damage_taken":0,"damage_healed":25,"max_hp_loss":0,"max_hp_gain":0,"gold_gain":0,"gold_loss":0},{"event_name":"Tomb of Lord Red Mask","player_choice":"Ignored","floor":37,"cards_obtained":null,"cards_removed":null,"cards_transformed":null,"cards_upgraded":null,"relics_obtained":null,"potions_obtained":null,"relics_lost":null,"damage_taken":0,"damage_healed":0,"max_hp_loss":0,"max_hp_gain":0,"gold_gain":0,"gold_loss":0},{"event_name":"Falling","player_choice":"Removed Power","floor":38,"cards_obtained":null,"cards_removed":["Establishment"],"cards_transformed":null,"cards_upgraded":null,"relics_obtained":null,"potions_obtained":null,"relics_lost":null,"damage_taken":0,"damage_healed":0,"max_hp_loss":0,"max_hp_gain":0,"gold_gain":0,"gold_loss":0}],"boss_relics":[{"picked":"Calling Bell","not_picked":["Fusion Hammer","Black Star"]},{"picked":"Sozu","not_picked":["Snecko Eye","VioletLotus"]}],"damage_taken":[{"floor":1,"enemies":"Small Slimes","damage":0,"turns":3},{"floor":3,"enemies":"Cultist","damage":0,"turns":3},{"floor":4,"enemies":"Jaw Worm","damage":0,"turns":2},{"floor":6,"enemies":"3 Sentries","damage":20,"turns":4},{"floor":8,"enemies":"Gremlin Gang","damage":12,"turns":3},{"floor":10,"enemies":"3 Louse","damage":9,"turns":2},{"floor":11,"enemies":"Large Slime","damage":0,"turns":2},{"floor":14,"enemies":"Blue Slaver","damage":5,"turns":2},{"floor":16,"enemies":"The Guardian","damage":39,"turns":7},{"floor":18,"enemies":"Chosen","damage":6,"turns":4},{"floor":23,"enemies":"Gremlin Leader","damage":23,"turns":4},{"floor":25,"enemies":"Book of Stabbing","damage":74,"turns":4},{"floor":27,"enemies":"3 Byrds","damage":28,"turns":6},{"floor":30,"enemies":"Cultist and Chosen","damage":3,"turns":3},{"floor":33,"enemies":"Champ","damage":20,"turns":8},{"floor":35,"enemies":"3 Darklings","damage":39,"turns":7},{"floor":39,"enemies":"Orb Walker","damage":11,"turns":4},{"floor":41,"enemies":"Nemesis","damage":64,"turns":7},{"floor":44,"enemies":"3 Darklings","damage":22,"turns":5},{"floor":45,"enemies":"Reptomancer","damage":25,"turns":3}],"potions_obtained":[{"key":"DistilledChaos","floor":1},{"key":"BottledMiracle","floor":10},{"key":"SkillPotion","floor":11},{"key":"Explosive Potion","floor":14},{"key":"SteroidPotion","floor":18},{"key":"Fire Potion","floor":27},{"key":"BottledMiracle","floor":30},{"key":"BottledMiracle","floor":33}],"relics_obtained":[{"key":"Darkstone Periapt","floor":6},{"key":"Gambling Chip","floor":9},{"key":"Singing Bowl","floor":13},{"key":"Oddly Smooth Stone","floor":17},{"key":"Question Card","floor":17},{"key":"StoneCalendar","floor":17},{"key":"Lizard Tail","floor":23},{"key":"Kunai","floor":25},{"key":"Happy Flower","floor":26},{"key":"Gremlin Horn","floor":41},{"key":"Molten Egg 2","floor":43}],"campfire_choices":[{"floor":15,"key":"SMITH","data":"ForeignInfluence"},{"floor":24,"key":"SMITH","data":"Eruption"},{"floor":29,"key":"REST"},{"floor":32,"key":"REST"},{"floor":40,"key":"SMITH","data":"SpiritShield"},{"floor":42,"key":"REST"}],"circlet_count":0,"win_rate":0,"killed_by":"Reptomancer"}