{"play_id":"0d6e69ca-aa54-4ddd-b50a-39389befd470","build_version":"2020-01-27","seed_played":"-8244255773045943039","chose_seed":false,"seed_source_timestamp":0,"is_daily":false,"special_seed":0,"is_trial":false,"is_endless":false,"is_ascension_mode":true,"ascension_level":12,"neow_bonus":"TEN_PERCENT_HP_BONUS","neow_cost":"NONE","is_beta":false,"is_prod":false,"victory":false,"floor_reached":33,"score":486,"timestamp":1709819838,"local_time":"03/07/2024 13:57:18","playtime":1293,"player_experience":569923,"master_deck":["AscendersBane","Eruption+1","Vigilance","CutThroughFate","SandsOfTime","Injury","Prostrate","Perseverance","EmptyFist","DevaForm","Sanctity","CarveReality","EmptyMind","Ragnarok+1","PathToVictory","ClearTheMind","DeceiveReality","PathToVictory","Pray+1","Wallop+1","TalkToTheHand+1"],"relics":["PureWater","War Paint","Golden Idol","Letter Opener","Incense Burner","Vajra","Pandora's Box","Melange","Question Card","Pen Nib","Meat on the Bone"],"gold":68,"campfire_rested":3,"campfire_upgraded":3,"purchased_purges":1,"potions_floor_spawned":[2,11,18,20,30],"potions_floor_usage":[33],"current_hp_per_floor":[63,52,41,23,16,39,39,39,39,39,10,33,33,33,33,29,67,49,43,27,27,27,50,44,44,44,27,27,27,20,20,20,0],"max_hp_per_floor":[79,79,79,79,79,79,79,79,79,79,79,79,79,79,79,79,79,79,79,79,79,79,79,79,79,79,79,79,79,79,79,79,79],"gold_per_floor":[112,127,202,202,202,202,127,127,127,140,175,175,22,0,0,121,121,136,136,159,10,10,10,24,24,24,68,0,44,68,68,68,68],"path_per_floor":["M","M","?","?","?","R","$","?","T","M","E","R","$","$","R","B","ul","M","?","M","$","$","R","M","R","T","E","?","E","M","?","R","B"],"path_taken":["M","M","?","?","?","R","$","?","T","M","E","R","?","$","R","BOSS","M","?","M","?","$","R","M","R","T","E","?","E","?","?","R","BOSS"],"items_purchased":["Vajra","EmptyFist","Melange"],"item_purchase_floors":[13,14,21],"items_purged":["Defend_P"],"items_purged_floors":[7],"character_chosen":"WATCHER","card_choices":[{"picked":"CutThroughFate","not_picked":["Study","JustLucky"],"floor":1},{"picked":"SandsOfTime","not_picked":["JustLucky","Evaluate"],"floor":2},{"picked":"Prostrate","not_picked":["Conclude","ForeignInfluence"],"floor":10},{"picked":"Perseverance","not_picked":["MentalFortress","Weave"],"floor":11},{"picked":"DevaForm","not_picked":["Omniscience","MasterReality"],"floor":16},{"picked":"DeceiveReality","not_picked":["Conclude","ClearTheMind"],"floor":18},{"picked":"SKIP","not_picked":["FollowUp","JustLucky+1","Wireheading"],"floor":20},{"picked":"PathToVictory","not_picked":["JustLucky","CutThroughFate"],"floor":24},{"picked":"Pray","not_picked":["BowlingBash","EmptyFist","Indignation+1"],"floor":27},{"picked":"Wallop+1","not_picked":["MentalFortress","Collect","Vengeance+1"],"floor":29},{"picked":"TalkToTheHand+1","not_picked":["Indignation","DeceiveReality","Devotion"],"floor":30}],"event_choices":[{"event_name":"World of Goop","player_choice":"Gather Gold","floor":3,"cards_obtained":null,"cards_removed":null,"cards_transformed":null,"cards_upgraded":null,"relics_obtained":null,"potions_obtained":null,"relics_lost":null,"damage_taken":11,"damage_healed":0,"max_hp_loss":0,"max_hp_gain":0,"gold_gain":75,"gold_loss":0},{"event_name":"Scrap Ooze","player_choice":"Success","floor":4,"cards_obtained":null,"cards_removed":null,"cards_transformed":null,"cards_upgraded":null,"relics_obtained":["War Paint"],"potions_obtained":null,"relics_lost":null,"damage_taken":18,"damage_healed":0,"max_hp_loss":0,"max_hp_gain":0,"gold_gain":0,"gold_loss":0},{"event_name":"Golden Wing","player_choice":"Card Removal","floor":5,"cards_obtained":null,"cards_removed":["Strike_P"],"cards_transformed":null,"cards_upgraded":null,"relics_obtained":null,"potions_obtained":null,"relics_lost":null,"damage_taken":7,"damage_healed":0,"max_hp_loss":0,"max_hp_gain":0,"gold_gain":0,"gold_loss":0},{"event_name":"Golden Idol","player_choice":"Take Wound","floor":8,"cards_obtained":["Injury"],"cards_removed":null,"cards_transformed":null,"cards_upgraded":null,"relics_obtained":["Golden Idol"],"potions_obtained":null,"relics_lost":null,"damage_taken":0,"damage_healed":0,"max_hp_loss":0,"max_hp_gain":0,"gold_gain":0,"gold_loss":0},{"event_name":"Knowing Skull","player_choice":"","floor":19,"cards_obtained":[],"cards_removed":null,"cards_transformed":null,"cards_upgraded":null,"relics_obtained":null,"potions_obtained":[],"relics_lost":null,"damage_taken":6,"damage_healed":0,"max_hp_loss":0,"max_hp_gain":0,"gold_gain":0,"gold_loss":0},{"event_name":"Masked Bandits","player_choice":"Paid Fearfully","floor":28,"cards_obtained":null,"cards_removed":null,"cards_transformed":null,"cards_upgraded":null,"relics_obtained":null,"potions_obtained":null,"relics_lost":null,"damage_taken":0,"damage_healed":0,"max_hp_loss":0,"max_hp_gain":0,"gold_gain":0,"gold_loss":68},{"event_name":"Vampires","player_choice":"Ignored","floor":31,"cards_obtained":null,"cards_removed":null,"cards_transformed":null,"cards_upgraded":null,"relics_obtained":null,"potions_obtained":null,"relics_lost":null,"damage_taken":0,"damage_healed":0,"max_hp_loss":0,"max_hp_gain":0,"gold_gain":0,"gold_loss":0}],"boss_relics":[{"picked":"Pandora's Box","not_picked":["Tiny House","Calling Bell"]}],"damage_taken":[{"floor":1,"enemies":"Jaw Worm","damage":9,"turns":3},{"floor":2,"enemies":"2 Louse","damage":11,"turns":2},{"floor":10,"enemies":"Small Slimes","damage":0,"turns":2},{"floor":11,"enemies":"Gremlin Nob","damage":29,"turns":4},{"floor":16,"enemies":"Slime Boss","damage":4,"turns":8},{"floor":18,"enemies":"Shell Parasite","damage":18,"turns":4},{"floor":20,"enemies":"3 Byrds","damage":16,"turns":5},{"floor":24,"enemies":"Centurion and Healer","damage":6,"turns":4},{"floor":27,"enemies":"Book of Stabbing","damage":17,"turns":5},{"floor":29,"enemies":"Gremlin Leader","damage":0,"turns":5},{"floor":30,"enemies":"Snake Plant","damage":19,"turns":4},{"floor":33,"enemies":"Collector","damage":40,"turns":3}],"potions_obtained":[{"key":"Dexterity Potion","floor":2},{"key":"BlessingOfTheForge","floor":11},{"key":"Block Potion","floor":18},{"key":"BottledMiracle","floor":20},{"key":"BottledMiracle","floor":30}],"relics_obtained":[{"key":"Letter Opener","floor":9},{"key":"Incense Burner","floor":11},{"key":"Question Card","floor":26},{"key":"Pen Nib","floor":27},{"key":"Meat on the Bone","floor":29}],"campfire_choices":[{"floor":6,"key":"REST"},{"floor":12,"key":"REST"},{"floor":15,"key":"SMITH","data":"Eruption"},{"floor":23,"key":"REST"},{"floor":25,"key":"SMITH","data":"Ragnarok"},{"floor":32,"key":"SMITH","data":"Pray"}],"circlet_count":0,"win_rate":0,"killed_by":"Collector"}