{"play_id":"974f6db1-0152-4f1d-8964-49125883b1e2","build_version":"2020-01-27","seed_played":"-836488726313071557","chose_seed":false,"seed_source_timestamp":0,"is_daily":false,"special_seed":0,"is_trial":false,"is_endless":false,"is_ascension_mode":true,"ascension_level":12,"neow_bonus":"REMOVE_TWO","neow_cost":"TEN_PERCENT_HP_LOSS","is_beta":false,"is_prod":false,"victory":false,"floor_reached":50,"score":913,"timestamp":1709920331,"local_time":"03/08/2024 17:52:11","playtime":2070,"player_experience":571727,"master_deck":["AscendersBane","Strike_P+1","Eruption+1","Vigilance+1","CrushJoints+1","Wallop+1","FlurryOfBlows+1","DeusExMachina+1","ClearTheMind+1","Discovery+1","Vault+1","DeusExMachina+1","Alpha+1","EmptyFist+1","Good Instincts+1","PathToVictory+1","Worship","PathToVictory+1"],"relics":["PureWater","Smiling Mask","InkBottle","Omamori","Runic Pyramid","Bottled Flame","WingedGreaves","Frozen Egg 2","Potion Belt","Mercury Hourglass","Astrolabe","Pocketwatch","HandDrill","Prayer Wheel","Whetstone","War Paint"],"gold":131,"campfire_rested":5,"campfire_upgraded":6,"purchased_purges":3,"potions_floor_spawned":[1,7,20,28,30,36,45],"potions_floor_usage":[50,50],"current_hp_per_floor":[58,58,58,58,45,45,31,50,50,50,50,50,65,65,65,46,60,55,55,53,53,53,27,46,46,46,46,46,46,46,35,56,10,55,48,32,32,32,32,25,46,14,14,35,35,35,61,61,61,0],"max_hp_per_floor":[65,65,65,65,65,65,65,65,65,65,65,65,65,65,65,65,65,65,65,65,65,65,65,65,65,65,65,65,65,65,70,70,70,70,70,70,70,70,70,70,70,70,70,70,70,70,61,61,61,61],"gold_per_floor":[109,71,87,12,12,12,43,43,43,43,73,73,73,84,84,182,182,200,200,212,162,174,209,209,209,290,4,16,16,43,43,43,138,138,156,207,207,12,12,44,44,73,99,99,112,112,112,131,131,131],"path_per_floor":["M","$","M","$","?","R","E","R","T","?","?","R","?","M","R","B","ul","M","?","M","$","M","E","R","?","T","$","M","R","E","?","R","B","ul","M","?","?","$","?","E","R","E","T","R","M","R","?","M","R","B"],"path_taken":["M","$","M","?","?","R","E","R","T","?","?","R","?","M","R","BOSS","M","?","M","$","?","E","R","?","T","$","?","R","E","?","R","BOSS","M","?","?","$","?","E","R","E","T","R","?","R","?","M","R","BOSS"],"items_purchased":["Wallop","Potion Belt","Discovery","HandDrill","SkillPotion"],"item_purchase_floors":[2,27,27,38,38],"items_purged":["Defend_P","Strike_P","Strike_P"],"items_purged_floors":[4,21,27],"character_chosen":"WATCHER","card_choices":[{"picked":"CrushJoints","not_picked":["EmptyMind","Consecrate"],"floor":1},{"picked":"FlurryOfBlows","not_picked":["ForeignInfluence","EmptyFist"],"floor":3},{"picked":"SKIP","not_picked":["PathToVictory","CutThroughFate","ThirdEye"],"floor":7},{"picked":"SKIP","not_picked":["ClearTheMind","Crescendo","SignatureMove"],"floor":14},{"picked":"DeusExMachina","not_picked":["Establishment","Alpha"],"floor":16},{"picked":"SKIP","not_picked":["FollowUp","BowlingBash","FlyingSleeves"],"floor":18},{"picked":"ClearTheMind+1","not_picked":["FlurryOfBlows","Adaptation"],"floor":20},{"picked":"SKIP","not_picked":["Wireheading","ClearTheMind","JustLucky"],"floor":22},{"picked":"SKIP","not_picked":["FlurryOfBlows","ThirdEye+1","Pray"],"floor":23},{"picked":"FlurryOfBlows","not_picked":["ThirdEye+1","Pray"],"floor":23},{"picked":"SKIP","not_picked":["Prostrate+1","SashWhip","FlyingSleeves+1"],"floor":28},{"picked":"Vault","not_picked":["CutThroughFate","FlyingSleeves+1"],"floor":30},{"picked":"DeusExMachina","not_picked":["Alpha","Devotion+1"],"floor":33},{"picked":"SKIP","not_picked":["ClearTheMind","Weave+1","Prostrate"],"floor":35},{"picked":"Good Instincts","not_picked":["PanicButton","Bandage Up"],"floor":37},{"picked":"PathToVictory+1","not_picked":["ClearTheMind","Crescendo"],"floor":40},{"picked":"Worship","not_picked":["Ragnarok","WheelKick"],"floor":42},{"picked":"SKIP","not_picked":["Protect+1","Consecrate","Halt"],"floor":45},{"picked":"SKIP","not_picked":["EmptyBody","Fasting2+1","PathToVictory"],"floor":45},{"picked":"PathToVictory","not_picked":["Consecrate","Protect"],"floor":48},{"picked":"SKIP","not_picked":["FollowUp","JustLucky","Prostrate"],"floor":48}],"event_choices":[{"event_name":"Shining Light","player_choice":"Entered Light","floor":5,"cards_obtained":null,"cards_removed":null,"cards_transformed":null,"cards_upgraded":["Strike_P","Vigilance"],"relics_obtained":null,"potions_obtained":null,"relics_lost":null,"damage_taken":13,"damage_healed":0,"max_hp_loss":0,"max_hp_gain":0,"gold_gain":0,"gold_loss":0},{"event_name":"Living Wall","player_choice":"Grow","floor":10,"cards_obtained":null,"cards_removed":null,"cards_transformed":null,"cards_upgraded":["CrushJoints"],"relics_obtained":null,"potions_obtained":null,"relics_lost":null,"damage_taken":0,"damage_healed":0,"max_hp_loss":0,"max_hp_gain":0,"gold_gain":0,"gold_loss":0},{"event_name":"Dead Adventurer","player_choice":"Searched '2' times","floor":11,"cards_obtained":null,"cards_removed":null,"cards_transformed":null,"cards_upgraded":null,"relics_obtained":["Omamori"],"potions_obtained":null,"relics_lost":null,"damage_taken":0,"damage_healed":0,"max_hp_loss":0,"max_hp_gain":0,"gold_gain":30,"gold_loss":0},{"event_name":"Mushrooms","player_choice":"Healed and dodged fight","floor":13,"cards_obtained":["Parasite"],"cards_removed":null,"cards_transformed":null,"cards_upgraded":null,"relics_obtained":null,"potions_obtained":null,"relics_lost":null,"damage_taken":0,"damage_healed":16,"max_hp_loss":0,"max_hp_gain":0,"gold_gain":0,"gold_loss":0},{"event_name":"Upgrade Shrine","player_choice":"Upgraded","floor":19,"cards_obtained":null,"cards_removed":null,"cards_transformed":null,"cards_upgraded":["DeusExMachina"],"relics_obtained":null,"potions_obtained":null,"relics_lost":null,"damage_taken":0,"damage_healed":0,"max_hp_loss":0,"max_hp_gain":0,"gold_gain":0,"gold_loss":0},{"event_name":"WeMeetAgain","player_choice":"Gave Potion","floor":25,"cards_obtained":null,"cards_removed":null,"cards_transformed":null,"cards_upgraded":null,"relics_obtained":["WingedGreaves"],"potions_obtained":null,"relics_lost":null,"damage_taken":0,"damage_healed":0,"max_hp_loss":0,"max_hp_gain":0,"gold_gain":0,"gold_loss":0},{"event_name":"Forgotten Altar","player_choice":"Shed Blood","floor":31,"cards_obtained":null,"cards_removed":null,"cards_transformed":null,"cards_upgraded":null,"relics_obtained":null,"potions_obtained":null,"relics_lost":null,"damage_taken":16,"damage_healed":0,"max_hp_loss":0,"max_hp_gain":5,"gold_gain":0,"gold_loss":0},{"event_name":"Mysterious Sphere","player_choice":"Fight","floor":36,"cards_obtained":null,"cards_removed":null,"cards_transformed":null,"cards_upgraded":null,"relics_obtained":null,"potions_obtained":null,"relics_lost":null,"damage_taken":0,"damage_healed":0,"max_hp_loss":0,"max_hp_gain":0,"gold_gain":0,"gold_loss":0},{"event_name":"SensoryStone","player_choice":"Memory 1","floor":37,"cards_obtained":null,"cards_removed":null,"cards_transformed":null,"cards_upgraded":null,"relics_obtained":null,"potions_obtained":null,"relics_lost":null,"damage_taken":0,"damage_healed":0,"max_hp_loss":0,"max_hp_gain":0,"gold_gain":0,"gold_loss":0},{"event_name":"Falling","player_choice":"Removed Skill","floor":39,"cards_obtained":null,"cards_removed":["EmptyMind"],"cards_transformed":null,"cards_upgraded":null,"relics_obtained":null,"potions_obtained":null,"relics_lost":null,"damage_taken":0,"damage_healed":0,"max_hp_loss":0,"max_hp_gain":0,"gold_gain":0,"gold_loss":0},{"event_name":"The Moai Head","player_choice":"Heal","floor":47,"cards_obtained":null,"cards_removed":null,"cards_transformed":null,"cards_upgraded":null,"relics_obtained":null,"potions_obtained":null,"relics_lost":null,"damage_taken":0,"damage_healed":61,"max_hp_loss":9,"max_hp_gain":0,"gold_gain":0,"gold_loss":0}],"boss_relics":[{"picked":"Runic Pyramid","not_picked":["Tiny House","Busted Crown"]},{"picked":"Astrolabe","not_picked":["Calling Bell","Sozu"]}],"damage_taken":[{"floor":1,"enemies":"Cultist","damage":7,"turns":4},{"floor":3,"enemies":"2 Louse","damage":0,"turns":2},{"floor":7,"enemies":"Lagavulin","damage":14,"turns":5},{"floor":14,"enemies":"Small Slimes","damage":0,"turns":2},{"floor":16,"enemies":"The Guardian","damage":19,"turns":9},{"floor":18,"enemies":"2 Thieves","damage":5,"turns":3},{"floor":20,"enemies":"Shell Parasite","damage":2,"turns":2},{"floor":22,"enemies":"Snecko","damage":0,"turns":3},{"floor":23,"enemies":"Gremlin Leader","damage":26,"turns":4},{"floor":28,"enemies":"Centurion and Healer","damage":0,"turns":4},{"floor":30,"enemies":"Book of Stabbing","damage":0,"turns":3},{"floor":33,"enemies":"Automaton","damage":46,"turns":8},{"floor":35,"enemies":"3 Darklings","damage":7,"turns":3},{"floor":36,"enemies":"2 Orb Walkers","damage":16,"turns":4},{"floor":40,"enemies":"Giant Head","damage":7,"turns":5},{"floor":42,"enemies":"Reptomancer","damage":32,"turns":4},{"floor":45,"enemies":"3 Shapes","damage":0,"turns":4},{"floor":48,"enemies":"Maw","damage":0,"turns":5},{"floor":50,"enemies":"Time Eater","damage":64,"turns":4}],"potions_obtained":[{"key":"SpeedPotion","floor":1},{"key":"BlessingOfTheForge","floor":7},{"key":"Dexterity Potion","floor":20},{"key":"Fire Potion","floor":28},{"key":"Block Potion","floor":30},{"key":"Swift Potion","floor":36},{"key":"BottledMiracle","floor":45}],"relics_obtained":[{"key":"Smiling Mask","floor":7},{"key":"InkBottle","floor":9},{"key":"Bottled Flame","floor":23},{"key":"Frozen Egg 2","floor":26},{"key":"Mercury Hourglass","floor":30},{"key":"Pocketwatch","floor":36},{"key":"Prayer Wheel","floor":40},{"key":"Whetstone","floor":42},{"key":"War Paint","floor":43}],"campfire_choices":[{"floor":6,"key":"SMITH","data":"Eruption"},{"floor":8,"key":"REST"},{"floor":12,"key":"SMITH","data":"Wallop"},{"floor":15,"key":"SMITH","data":"FlurryOfBlows"},{"floor":24,"key":"REST"},{"floor":29,"key":"SMITH","data":"Discovery"},{"floor":32,"key":"REST"},{"floor":41,"key":"REST"},{"floor":44,"key":"REST"},{"floor":46,"key":"SMITH","data":"DeusExMachina"},{"floor":49,"key":"SMITH","data":"PathToVictory"}],"circlet_count":0,"win_rate":0,"killed_by":"Time Eater"}