{"play_id":"69445afc-e460-4948-bc91-2e74e53c52bc","build_version":"2020-01-27","seed_played":"-6702229147264983075","chose_seed":false,"seed_source_timestamp":3214292972985,"is_daily":false,"special_seed":null,"is_trial":false,"is_endless":false,"is_ascension_mode":true,"ascension_level":12,"neow_bonus":"THREE_ENEMY_KILL","neow_cost":"NONE","is_beta":false,"is_prod":false,"victory":false,"floor_reached":22,"score":404,"timestamp":1709005146,"local_time":"02/27/2024 03:39:06","playtime":962,"player_experience":557799,"master_deck":["AscendersBane","Strike_P","Strike_P","Strike_P","Defend_P","Defend_P","Defend_P","Eruption","Vigilance","LikeWater","Wallop","Prostrate","EmptyFist","Prostrate","LikeWater","SignatureMove+1","Swivel","Ragnarok+1","WreathOfFlame"],"relics":["PureWater","NeowsBlessing","Pear","MawBank","Ornamental Fan","Du-Vu Doll","Strawberry","Question Card","Happy Flower","Molten Egg 2","Cursed Key","SsserpentHead","PreservedInsect"],"gold":118,"campfire_rested":0,"campfire_upgraded":1,"purchased_purges":1,"potions_floor_spawned":[6,11,16],"potions_floor_usage":[12,12,22],"current_hp_per_floor":[65,68,68,68,68,68,68,37,44,41,33,7,7,36,36,7,69,55,55,55,55,0],"max_hp_per_floor":[72,82,82,82,82,82,82,82,89,89,89,89,89,89,89,89,89,89,89,89,89,89],"gold_per_floor":[114,114,64,81,104,147,179,222,286,328,354,398,92,92,92,189,189,207,207,54,118,118],"path_per_floor":["M","?","?","M","T","E","M","E","T","E","M","E","$","?","R","B",null,"M","?","$","M","M"],"path_taken":["M","?","?","M","?","E","M","E","T","E","?","E","?","?","R","BOSS","M","?","$","?","M"],"items_purchased":["Molten Egg 2","PreservedInsect"],"item_purchase_floors":[13,20],"items_purged":["Strike_P"],"items_purged_floors":[13],"character_chosen":"WATCHER","card_choices":[{"picked":"LikeWater","not_picked":["FollowUp","Pray"],"floor":1},{"picked":"Wallop","not_picked":["Consecrate","CrushJoints"],"floor":4},{"picked":"Prostrate","not_picked":["CrushJoints","SashWhip"],"floor":6},{"picked":"EmptyFist","not_picked":["Study","Evaluate"],"floor":7},{"picked":"Prostrate","not_picked":["ClearTheMind","Sanctity"],"floor":8},{"picked":"LikeWater","not_picked":["ClearTheMind","Evaluate"],"floor":10},{"picked":"SignatureMove","not_picked":["WreathOfFlame","Alpha","Protect"],"floor":11},{"picked":"Swivel","not_picked":["WindmillStrike","EmptyFist","ThirdEye"],"floor":12},{"picked":"Ragnarok+1","not_picked":["Establishment","Scrawl","SpiritShield"],"floor":16},{"picked":"WreathOfFlame","not_picked":["Indignation","SignatureMove+1","PathToVictory"],"floor":18},{"picked":"SKIP","not_picked":["Collect","JustLucky+1","FlurryOfBlows+1","Conclude+1"],"floor":21}],"event_choices":[{"event_name":"Scrap Ooze","player_choice":"Success","floor":2,"cards_obtained":null,"cards_removed":null,"cards_transformed":null,"cards_upgraded":null,"relics_obtained":["Pear"],"potions_obtained":null,"relics_lost":null,"damage_taken":7,"damage_healed":0,"max_hp_loss":0,"max_hp_gain":0,"gold_gain":0,"gold_loss":0},{"event_name":"The Cleric","player_choice":"Card Removal","floor":3,"cards_obtained":null,"cards_removed":["Defend_P"],"cards_transformed":null,"cards_upgraded":null,"relics_obtained":null,"potions_obtained":null,"relics_lost":null,"damage_taken":0,"damage_healed":0,"max_hp_loss":0,"max_hp_gain":0,"gold_gain":0,"gold_loss":50},{"event_name":"Big Fish","player_choice":"Banana","floor":14,"cards_obtained":null,"cards_removed":null,"cards_transformed":null,"cards_upgraded":null,"relics_obtained":null,"potions_obtained":null,"relics_lost":null,"damage_taken":0,"damage_healed":29,"max_hp_loss":0,"max_hp_gain":0,"gold_gain":0,"gold_loss":0},{"event_name":"FaceTrader","player_choice":"Trade","floor":19,"cards_obtained":null,"cards_removed":null,"cards_transformed":null,"cards_upgraded":null,"relics_obtained":["SsserpentHead"],"potions_obtained":null,"relics_lost":null,"damage_taken":0,"damage_healed":0,"max_hp_loss":0,"max_hp_gain":0,"gold_gain":0,"gold_loss":0}],"boss_relics":[{"picked":"Cursed Key","not_picked":["Snecko Eye","Philosopher's Stone"]}],"damage_taken":[{"floor":1,"enemies":"2 Louse","damage":0,"turns":1},{"floor":4,"enemies":"Jaw Worm","damage":0,"turns":1},{"floor":6,"enemies":"3 Sentries","damage":0,"turns":2},{"floor":7,"enemies":"Cultist","damage":0,"turns":2},{"floor":8,"enemies":"Gremlin Nob","damage":31,"turns":5},{"floor":10,"enemies":"3 Sentries","damage":3,"turns":8},{"floor":11,"enemies":"Blue Slaver","damage":8,"turns":5},{"floor":12,"enemies":"Gremlin Nob","damage":26,"turns":5},{"floor":16,"enemies":"Hexaghost","damage":29,"turns":11},{"floor":18,"enemies":"2 Thieves","damage":14,"turns":4},{"floor":21,"enemies":"Spheric Guardian","damage":0,"turns":2},{"floor":22,"enemies":"3 Cultists","damage":56,"turns":5}],"potions_obtained":[{"key":"PowerPotion","floor":6},{"key":"Dexterity Potion","floor":11},{"key":"Strength Potion","floor":16}],"relics_obtained":[{"key":"MawBank","floor":5},{"key":"Ornamental Fan","floor":6},{"key":"Du-Vu Doll","floor":8},{"key":"Strawberry","floor":9},{"key":"Question Card","floor":10},{"key":"Happy Flower","floor":12}],"campfire_choices":[{"floor":15,"key":"SMITH","data":"SignatureMove"}],"circlet_count":0,"win_rate":0,"killed_by":"3 Cultists"}