{"play_id":"4f672a65-07cf-4732-b907-f68a1e2ce57a","build_version":"2020-01-27","seed_played":"-3711802909037149051","chose_seed":false,"seed_source_timestamp":1301501609631,"is_daily":false,"special_seed":null,"is_trial":false,"is_endless":false,"is_ascension_mode":true,"ascension_level":12,"neow_bonus":"THREE_ENEMY_KILL","neow_cost":"NONE","is_beta":false,"is_prod":false,"victory":false,"floor_reached":25,"score":496,"timestamp":1709562254,"local_time":"03/04/2024 14:24:14","playtime":890,"player_experience":566614,"master_deck":["AscendersBane","Eruption+1","Vigilance","CarveReality","FlurryOfBlows+1","Halt","Wallop","ReachHeaven+1","Parasite","Vault","PathToVictory","Scrawl","EmptyBody","Wish","Ragnarok","Ragnarok","FearNoEvil","Vault","Prostrate","PathToVictory","FearNoEvil"],"relics":["PureWater","NeowsBlessing","Damaru","InkBottle","Mercury Hourglass","Blue Candle","Pandora's Box","DollysMirror","Bag of Preparation","HornCleat"],"gold":91,"campfire_rested":0,"campfire_upgraded":3,"purchased_purges":2,"potions_floor_spawned":[5,10,12,16,18],"potions_floor_usage":[10,18,20],"current_hp_per_floor":[65,65,65,54,54,54,54,54,54,42,60,57,57,57,57,56,68,56,56,25,25,25,17,17,0],"max_hp_per_floor":[72,72,72,72,72,72,72,72,72,72,72,72,72,72,72,72,72,72,72,72,72,72,72,72,72],"gold_per_floor":[119,69,17,92,102,131,131,56,126,159,159,191,191,366,366,467,467,481,481,494,494,45,77,91,91],"path_per_floor":["M","?","$","?","M","E","R","$","T","E","?","E","R","?","R","B",null,"M","?","M","?","$","E","M","M"],"path_taken":["M","?","$","?","M","E","R","$","T","E","?","E","R","?","R","BOSS","M","?","?","?","?","E","?","M"],"items_purchased":["FlurryOfBlows","DollysMirror","Bag of Preparation","Prostrate"],"item_purchase_floors":[3,22,22,22],"items_purged":["Defend_P","Doubt"],"items_purged_floors":[8,22],"character_chosen":"WATCHER","card_choices":[{"picked":"CarveReality","not_picked":["Crescendo","Evaluate"],"floor":1},{"picked":"Halt","not_picked":["ClearTheMind","ThirdEye"],"floor":5},{"picked":"Wallop","not_picked":["Weave","BattleHymn"],"floor":6},{"picked":"ReachHeaven","not_picked":["DeceiveReality","CrushJoints"],"floor":10},{"picked":"SKIP","not_picked":["Consecrate","Sanctity","SashWhip"],"floor":12},{"picked":"Vault","not_picked":["Blasphemy","Alpha"],"floor":16},{"picked":"SKIP","not_picked":["EmptyFist","ForeignInfluence","Halt"],"floor":18},{"picked":"FearNoEvil","not_picked":["FlurryOfBlows","SashWhip"],"floor":20},{"picked":"PathToVictory","not_picked":["ThirdEye","Protect"],"floor":23},{"picked":"FearNoEvil","not_picked":["FollowUp","Fasting2"],"floor":24}],"event_choices":[{"event_name":"The Cleric","player_choice":"Card Removal","floor":2,"cards_obtained":null,"cards_removed":["Strike_P"],"cards_transformed":null,"cards_upgraded":null,"relics_obtained":null,"potions_obtained":null,"relics_lost":null,"damage_taken":0,"damage_healed":0,"max_hp_loss":0,"max_hp_gain":0,"gold_gain":0,"gold_loss":50},{"event_name":"World of Goop","player_choice":"Gather Gold","floor":4,"cards_obtained":null,"cards_removed":null,"cards_transformed":null,"cards_upgraded":null,"relics_obtained":null,"potions_obtained":null,"relics_lost":null,"damage_taken":11,"damage_healed":0,"max_hp_loss":0,"max_hp_gain":0,"gold_gain":75,"gold_loss":0},{"event_name":"Mushrooms","player_choice":"Healed and dodged fight","floor":11,"cards_obtained":["Parasite"],"cards_removed":null,"cards_transformed":null,"cards_upgraded":null,"relics_obtained":null,"potions_obtained":null,"relics_lost":null,"damage_taken":0,"damage_healed":18,"max_hp_loss":0,"max_hp_gain":0,"gold_gain":0,"gold_loss":0},{"event_name":"Liars Game","player_choice":"AGREE","floor":14,"cards_obtained":["Doubt"],"cards_removed":null,"cards_transformed":null,"cards_upgraded":null,"relics_obtained":null,"potions_obtained":null,"relics_lost":null,"damage_taken":0,"damage_healed":0,"max_hp_loss":0,"max_hp_gain":0,"gold_gain":175,"gold_loss":0},{"event_name":"Match and Keep!","player_choice":"0 cards matched","floor":19,"cards_obtained":[],"cards_removed":null,"cards_transformed":null,"cards_upgraded":null,"relics_obtained":null,"potions_obtained":null,"relics_lost":null,"damage_taken":0,"damage_healed":0,"max_hp_loss":0,"max_hp_gain":0,"gold_gain":0,"gold_loss":0},{"event_name":"Vampires","player_choice":"Ignored","floor":21,"cards_obtained":null,"cards_removed":null,"cards_transformed":null,"cards_upgraded":null,"relics_obtained":null,"potions_obtained":null,"relics_lost":null,"damage_taken":0,"damage_healed":0,"max_hp_loss":0,"max_hp_gain":0,"gold_gain":0,"gold_loss":0}],"boss_relics":[{"picked":"Pandora's Box","not_picked":["Empty Cage","Runic Dome"]}],"damage_taken":[{"floor":1,"enemies":"Small Slimes","damage":0,"turns":1},{"floor":5,"enemies":"2 Louse","damage":0,"turns":1},{"floor":6,"enemies":"Gremlin Nob","damage":0,"turns":1},{"floor":10,"enemies":"Lagavulin","damage":12,"turns":6},{"floor":12,"enemies":"3 Sentries","damage":3,"turns":3},{"floor":16,"enemies":"Slime Boss","damage":1,"turns":4},{"floor":18,"enemies":"Shell Parasite","damage":12,"turns":4},{"floor":20,"enemies":"3 Byrds","damage":31,"turns":5},{"floor":23,"enemies":"Gremlin Leader","damage":8,"turns":6},{"floor":24,"enemies":"Snecko","damage":0,"turns":3},{"floor":25,"enemies":"Snake Plant","damage":20,"turns":2}],"potions_obtained":[{"key":"StancePotion","floor":5},{"key":"GamblersBrew","floor":10},{"key":"Block Potion","floor":12},{"key":"Regen Potion","floor":18}],"relics_obtained":[{"key":"Damaru","floor":6},{"key":"InkBottle","floor":9},{"key":"Mercury Hourglass","floor":10},{"key":"Blue Candle","floor":12},{"key":"HornCleat","floor":23}],"campfire_choices":[{"floor":7,"key":"SMITH","data":"Eruption"},{"floor":13,"key":"SMITH","data":"ReachHeaven"},{"floor":15,"key":"SMITH","data":"FlurryOfBlows"}],"circlet_count":0,"win_rate":0,"killed_by":"Snake Plant"}