{"play_id":"de3953eb-7339-4ab2-8c61-509126290ae5","build_version":"2020-01-27","seed_played":"8626074915012732648","chose_seed":false,"seed_source_timestamp":1287350519636,"is_daily":false,"special_seed":null,"is_trial":false,"is_endless":false,"is_ascension_mode":true,"ascension_level":12,"neow_bonus":"BOSS_RELIC","neow_cost":"NONE","is_beta":false,"is_prod":false,"victory":false,"floor_reached":12,"score":125,"timestamp":1709560228,"local_time":"03/04/2024 13:50:28","playtime":323,"player_experience":566291,"master_deck":["AscendersBane","Strike_P","Strike_P","Strike_P","Strike_P","Defend_P","Defend_P","Defend_P","Eruption+1","Vigilance","ThirdEye","FlurryOfBlows","Conclude","ReachHeaven"],"relics":["Runic Pyramid","Nunchaku","Toy Ornithopter","Blue Candle"],"gold":111,"campfire_rested":1,"campfire_upgraded":0,"purchased_purges":1,"potions_floor_spawned":[2,8,11],"potions_floor_usage":[12],"current_hp_per_floor":[54,42,42,35,35,56,56,31,31,31,25,0],"max_hp_per_floor":[72,72,72,72,72,72,72,72,72,72,72,72],"gold_per_floor":[117,130,16,16,16,16,16,43,43,62,81,111],"path_per_floor":["M","M","$","?","?","R","$","E","T","M","M","?"],"path_taken":["M","M","$","?","?","R","$","E","T","M","?","?"],"items_purchased":["Conclude"],"item_purchase_floors":[3],"items_purged":["Defend_P"],"items_purged_floors":[3],"character_chosen":"WATCHER","card_choices":[{"picked":"ThirdEye","not_picked":["SashWhip","BowlingBash"],"floor":1},{"picked":"FlurryOfBlows","not_picked":["BattleHymn","Crescendo"],"floor":2},{"picked":"ReachHeaven","not_picked":["Weave","Tantrum"],"floor":8},{"picked":"SKIP","not_picked":["JustLucky","Nirvana","Establishment"],"floor":10},{"picked":"SKIP","not_picked":["FlurryOfBlows","Wireheading","PathToVictory"],"floor":11}],"event_choices":[{"event_name":"Scrap Ooze","player_choice":"Success","floor":4,"cards_obtained":null,"cards_removed":null,"cards_transformed":null,"cards_upgraded":null,"relics_obtained":["Nunchaku"],"potions_obtained":null,"relics_lost":null,"damage_taken":7,"damage_healed":0,"max_hp_loss":0,"max_hp_gain":0,"gold_gain":0,"gold_loss":0},{"event_name":"Accursed Blacksmith","player_choice":"Forge","floor":5,"cards_obtained":null,"cards_removed":null,"cards_transformed":null,"cards_upgraded":["Eruption"],"relics_obtained":null,"potions_obtained":null,"relics_lost":null,"damage_taken":0,"damage_healed":0,"max_hp_loss":0,"max_hp_gain":0,"gold_gain":0,"gold_loss":0},{"event_name":"Dead Adventurer","player_choice":"Searched '2' times","floor":12,"cards_obtained":null,"cards_removed":null,"cards_transformed":null,"cards_upgraded":null,"relics_obtained":null,"potions_obtained":null,"relics_lost":null,"damage_taken":0,"damage_healed":0,"max_hp_loss":0,"max_hp_gain":0,"gold_gain":30,"gold_loss":0}],"boss_relics":[],"damage_taken":[{"floor":1,"enemies":"2 Louse","damage":11,"turns":2},{"floor":2,"enemies":"Cultist","damage":12,"turns":3},{"floor":8,"enemies":"Gremlin Nob","damage":25,"turns":4},{"floor":10,"enemies":"Small Slimes","damage":0,"turns":2},{"floor":11,"enemies":"Looter","damage":6,"turns":3},{"floor":12,"enemies":"Lagavulin Event","damage":40,"turns":2}],"potions_obtained":[{"key":"EssenceOfSteel","floor":2},{"key":"PowerPotion","floor":8}],"relics_obtained":[{"key":"Toy Ornithopter","floor":8},{"key":"Blue Candle","floor":9}],"campfire_choices":[{"floor":6,"key":"REST"}],"circlet_count":0,"win_rate":0,"killed_by":"Lagavulin Event"}