{"play_id":"fc7d1928-eec9-4054-b0f0-9b9f830710bb","build_version":"2020-01-27","seed_played":"6068752001378928052","chose_seed":false,"seed_source_timestamp":1546992714831,"is_daily":false,"special_seed":null,"is_trial":false,"is_endless":false,"is_ascension_mode":true,"ascension_level":12,"neow_bonus":"TRANSFORM_TWO_CARDS","neow_cost":"NO_GOLD","is_beta":false,"is_prod":false,"victory":false,"floor_reached":33,"score":565,"timestamp":1709611153,"local_time":"03/05/2024 03:59:13","playtime":1267,"player_experience":568313,"master_deck":["AscendersBane","Defend_P+1","Defend_P","Eruption+1","Vigilance","CutThroughFate","Wallop+1","FearNoEvil","Conclude+1","WindmillStrike+1","Vengeance+1","LessonLearned+1","CurseOfTheBell","PathToVictory+1","Halt","PathToVictory","LikeWater+1","SignatureMove"],"relics":["PureWater","Golden Idol","Bag of Marbles","Centennial Puzzle","Blood Vial","Art of War","Pen Nib","Calling Bell","Vajra","Darkstone Periapt","Ice Cream","Sundial","Frozen Egg 2","Strawberry","MealTicket","Ornamental Fan"],"gold":83,"campfire_rested":1,"campfire_upgraded":4,"purchased_purges":1,"potions_floor_spawned":[1,7,12,16,21,25,31],"potions_floor_usage":[8,16,31],"current_hp_per_floor":[65,47,40,40,40,40,40,40,40,40,42,38,38,36,36,43,65,67,67,67,55,55,55,57,59,66,50,50,30,45,36,59,0],"max_hp_per_floor":[72,72,72,72,72,72,72,72,72,72,72,72,72,72,72,72,72,72,72,72,72,72,72,72,72,79,79,79,79,79,79,79,79],"gold_per_floor":[14,14,14,14,65,65,79,120,144,184,200,216,216,250,250,371,371,391,490,123,146,56,56,87,105,151,189,189,212,63,83,83,83],"path_per_floor":["M","?","?","?","T","R","M","E","T","E","M","M","R","E","R","B",null,"M","?","$","M","?","R","E","M","T","E","T","M","$","M","R","B"],"path_taken":["M","?","?","?","?","R","?","E","T","E","M","M","R","E","R","BOSS","M","?","$","M","?","R","E","?","T","E","?","M","$","M","R","BOSS"],"items_purchased":["Sundial","PathToVictory","LikeWater+1","SignatureMove"],"item_purchase_floors":[20,20,30,30],"items_purged":["Strike_P"],"items_purged_floors":[20],"character_chosen":"WATCHER","card_choices":[{"picked":"FearNoEvil","not_picked":["CrushJoints","WreathOfFlame"],"floor":1},{"picked":"Conclude","not_picked":["PathToVictory","BowlingBash"],"floor":7},{"picked":"WindmillStrike","not_picked":["BowlingBash","EmptyBody"],"floor":8},{"picked":"Vengeance","not_picked":["SignatureMove","ClearTheMind"],"floor":10},{"picked":"SKIP","not_picked":["JustLucky","Crescendo","Brilliance"],"floor":11},{"picked":"SKIP","not_picked":["CrushJoints","CutThroughFate","PathToVictory"],"floor":12},{"picked":"SKIP","not_picked":["FearNoEvil","EmptyBody","ForeignInfluence"],"floor":14},{"picked":"LessonLearned","not_picked":["Blasphemy","Devotion"],"floor":16},{"picked":"SKIP","not_picked":["Evaluate","Meditate","ThirdEye"],"floor":18},{"picked":"SKIP","not_picked":["FlurryOfBlows","BattleHymn","MentalFortress"],"floor":21},{"picked":"Halt","not_picked":["Prostrate","FlyingSleeves"],"floor":24},{"picked":"SKIP","not_picked":["ClearTheMind","CrushJoints","ReachHeaven"],"floor":25},{"picked":"PathToVictory","not_picked":["WreathOfFlame","CrushJoints"],"floor":27},{"picked":"SKIP","not_picked":["Halt","FearNoEvil","Wireheading+1"],"floor":29},{"picked":"SKIP","not_picked":["EmptyFist","Consecrate","BowlingBash"],"floor":31}],"event_choices":[{"event_name":"Golden Idol","player_choice":"Take Damage","floor":2,"cards_obtained":null,"cards_removed":null,"cards_transformed":null,"cards_upgraded":null,"relics_obtained":["Golden Idol"],"potions_obtained":null,"relics_lost":null,"damage_taken":18,"damage_healed":0,"max_hp_loss":0,"max_hp_gain":0,"gold_gain":0,"gold_loss":0},{"event_name":"Golden Wing","player_choice":"Card Removal","floor":3,"cards_obtained":null,"cards_removed":["Strike_P"],"cards_transformed":null,"cards_upgraded":null,"relics_obtained":null,"potions_obtained":null,"relics_lost":null,"damage_taken":7,"damage_healed":0,"max_hp_loss":0,"max_hp_gain":0,"gold_gain":0,"gold_loss":0},{"event_name":"Living Wall","player_choice":"Forget","floor":4,"cards_obtained":null,"cards_removed":["Strike_P"],"cards_transformed":null,"cards_upgraded":null,"relics_obtained":null,"potions_obtained":null,"relics_lost":null,"damage_taken":0,"damage_healed":0,"max_hp_loss":0,"max_hp_gain":0,"gold_gain":0,"gold_loss":0},{"event_name":"Nest","player_choice":"Stole From Cult","floor":19,"cards_obtained":null,"cards_removed":null,"cards_transformed":null,"cards_upgraded":null,"relics_obtained":null,"potions_obtained":null,"relics_lost":null,"damage_taken":0,"damage_healed":0,"max_hp_loss":0,"max_hp_gain":0,"gold_gain":99,"gold_loss":0},{"event_name":"Designer","player_choice":"Upgrade and Remove","floor":22,"cards_obtained":null,"cards_removed":["Defend_P"],"cards_transformed":null,"cards_upgraded":["PathToVictory"],"relics_obtained":null,"potions_obtained":null,"relics_lost":null,"damage_taken":0,"damage_healed":0,"max_hp_loss":0,"max_hp_gain":0,"gold_gain":0,"gold_loss":90}],"boss_relics":[{"picked":"Calling Bell","not_picked":["Runic Dome","Snecko Eye"]}],"damage_taken":[{"floor":1,"enemies":"2 Louse","damage":0,"turns":2},{"floor":7,"enemies":"Small Slimes","damage":0,"turns":1},{"floor":8,"enemies":"Gremlin Nob","damage":0,"turns":2},{"floor":10,"enemies":"Lagavulin","damage":2,"turns":5},{"floor":11,"enemies":"Jaw Worm","damage":0,"turns":1},{"floor":12,"enemies":"Red Slaver","damage":6,"turns":2},{"floor":14,"enemies":"3 Sentries","damage":4,"turns":4},{"floor":16,"enemies":"The Guardian","damage":10,"turns":9},{"floor":18,"enemies":"Spheric Guardian","damage":0,"turns":2},{"floor":21,"enemies":"Shell Parasite","damage":14,"turns":2},{"floor":24,"enemies":"Gremlin Leader","damage":0,"turns":4},{"floor":25,"enemies":"Snecko","damage":0,"turns":3},{"floor":27,"enemies":"Book of Stabbing","damage":18,"turns":4},{"floor":29,"enemies":"Sentry and Sphere","damage":22,"turns":4},{"floor":31,"enemies":"Snake Plant","damage":11,"turns":3},{"floor":33,"enemies":"Collector","damage":88,"turns":5}],"potions_obtained":[{"key":"GamblersBrew","floor":1},{"key":"SpeedPotion","floor":7},{"key":"Regen Potion","floor":12},{"key":"LiquidBronze","floor":16},{"key":"Explosive Potion","floor":31}],"relics_obtained":[{"key":"Bag of Marbles","floor":5},{"key":"Centennial Puzzle","floor":8},{"key":"Blood Vial","floor":9},{"key":"Art of War","floor":10},{"key":"Pen Nib","floor":14},{"key":"Vajra","floor":17},{"key":"Darkstone Periapt","floor":17},{"key":"Ice Cream","floor":17},{"key":"Frozen Egg 2","floor":24},{"key":"Strawberry","floor":26},{"key":"MealTicket","floor":27},{"key":"Ornamental Fan","floor":28}],"campfire_choices":[{"floor":6,"key":"SMITH","data":"Eruption"},{"floor":13,"key":"SMITH","data":"WindmillStrike"},{"floor":15,"key":"SMITH","data":"Wallop"},{"floor":23,"key":"SMITH","data":"LessonLearned"},{"floor":32,"key":"REST"}],"circlet_count":0,"win_rate":0,"killed_by":"Collector"}