{"play_id":"65b69462-1052-45b0-98b7-bc50ff885728","build_version":"2020-01-27","seed_played":"5997746144847670586","chose_seed":false,"seed_source_timestamp":3280864879558,"is_daily":false,"special_seed":null,"is_trial":false,"is_endless":false,"is_ascension_mode":true,"ascension_level":12,"neow_bonus":"BOSS_RELIC","neow_cost":"NONE","is_beta":false,"is_prod":false,"victory":false,"floor_reached":13,"score":133,"timestamp":1709039246,"local_time":"02/27/2024 13:07:26","playtime":348,"player_experience":558761,"master_deck":["AscendersBane","Strike_P","Strike_P","Strike_P","Defend_P","Defend_P","Defend_P","Defend_P","Eruption+1","Vigilance","InnerPeace","SignatureMove+1","Doubt","Vengeance","Conclude"],"relics":["Black Star","MealTicket","Question Card","Damaru","Bag of Marbles","Dream Catcher","Strawberry"],"gold":51,"campfire_rested":0,"campfire_upgraded":1,"purchased_purges":0,"potions_floor_spawned":[1,5],"potions_floor_usage":[3,13],"current_hp_per_floor":[65,65,64,64,52,20,35,35,35,42,10,10,0],"max_hp_per_floor":[72,72,72,72,72,72,72,72,72,79,79,79,79],"gold_per_floor":[114,114,125,300,311,339,31,31,55,81,101,51,51],"path_per_floor":["M","?","M","?","M","E","$","R","T","T","M","?","E"],"path_taken":["M","?","?","?","M","E","$","R","T","?","?","?","E"],"items_purchased":["Damaru","Bag of Marbles"],"item_purchase_floors":[7,7],"items_purged":[],"items_purged_floors":[],"character_chosen":"WATCHER","card_choices":[{"picked":"InnerPeace","not_picked":["EmptyMind","Wireheading"],"floor":1},{"picked":"SignatureMove","not_picked":["EmptyFist","ThirdEye"],"floor":3},{"picked":"Vengeance","not_picked":["Halt","ThirdEye"],"floor":5},{"picked":"Conclude","not_picked":["EmptyMind","MentalFortress"],"floor":6},{"picked":"SKIP","not_picked":["EmptyBody","Halt","SashWhip","Protect"],"floor":11}],"event_choices":[{"event_name":"Accursed Blacksmith","player_choice":"Forge","floor":2,"cards_obtained":null,"cards_removed":null,"cards_transformed":null,"cards_upgraded":["Eruption"],"relics_obtained":null,"potions_obtained":null,"relics_lost":null,"damage_taken":0,"damage_healed":0,"max_hp_loss":0,"max_hp_gain":0,"gold_gain":0,"gold_loss":0},{"event_name":"Liars Game","player_choice":"AGREE","floor":4,"cards_obtained":["Doubt"],"cards_removed":null,"cards_transformed":null,"cards_upgraded":null,"relics_obtained":null,"potions_obtained":null,"relics_lost":null,"damage_taken":0,"damage_healed":0,"max_hp_loss":0,"max_hp_gain":0,"gold_gain":175,"gold_loss":0},{"event_name":"The Cleric","player_choice":"Card Removal","floor":12,"cards_obtained":null,"cards_removed":["Strike_P"],"cards_transformed":null,"cards_upgraded":null,"relics_obtained":null,"potions_obtained":null,"relics_lost":null,"damage_taken":0,"damage_healed":0,"max_hp_loss":0,"max_hp_gain":0,"gold_gain":0,"gold_loss":50}],"boss_relics":[],"damage_taken":[{"floor":1,"enemies":"2 Louse","damage":0,"turns":3},{"floor":3,"enemies":"Cultist","damage":1,"turns":4},{"floor":5,"enemies":"Jaw Worm","damage":12,"turns":2},{"floor":6,"enemies":"Gremlin Nob","damage":32,"turns":3},{"floor":11,"enemies":"Lots of Slimes","damage":32,"turns":4},{"floor":13,"enemies":"Lagavulin","damage":19,"turns":5}],"potions_obtained":[{"key":"AttackPotion","floor":1},{"key":"Dexterity Potion","floor":5}],"relics_obtained":[{"key":"MealTicket","floor":6},{"key":"Question Card","floor":6},{"key":"Dream Catcher","floor":9},{"key":"Strawberry","floor":10}],"campfire_choices":[{"floor":8,"key":"SMITH","data":"SignatureMove"}],"circlet_count":0,"win_rate":0,"killed_by":"Lagavulin"}