{"play_id":"9dbca501-1ae3-4d39-8df3-4c48b4a32340","build_version":"2020-01-27","seed_played":"3064422779210230616","chose_seed":false,"seed_source_timestamp":0,"is_daily":false,"special_seed":0,"is_trial":false,"is_endless":false,"is_ascension_mode":true,"ascension_level":12,"neow_bonus":"REMOVE_TWO","neow_cost":"TEN_PERCENT_HP_LOSS","is_beta":false,"is_prod":false,"victory":false,"floor_reached":22,"score":314,"timestamp":1709609558,"local_time":"03/05/2024 03:32:38","playtime":809,"player_experience":567504,"master_deck":["AscendersBane","Strike_P+1","Defend_P","Defend_P","Eruption+1","Vigilance","BowlingBash+1","Protect","FearNoEvil","PathToVictory","ForeignInfluence","Swivel","WindmillStrike","LessonLearned","CurseOfTheBell","ClearTheMind+1","Writhe","PathToVictory"],"relics":["PureWater","Potion Belt","Ancient Tea Set","Bag of Marbles","Calling Bell","Orichalcum","Ornamental Fan","StoneCalendar","Mummified Hand"],"gold":368,"campfire_rested":1,"campfire_upgraded":1,"purchased_purges":0,"potions_floor_spawned":[5,8,12,14],"potions_floor_usage":[12,13,16],"current_hp_per_floor":[65,52,52,52,48,36,36,36,36,18,11,11,16,16,37,23,58,35,35,35,16,0],"max_hp_per_floor":[65,65,65,65,65,65,65,65,65,65,65,65,70,70,70,70,70,70,70,70,70,70],"gold_per_floor":[117,117,117,27,45,76,76,88,137,191,191,211,223,237,237,338,338,354,354,354,368,368],"path_per_floor":["M","?","?","$","M","E","R","M","T","E","?","M","M","M","R","B",null,"M","?","?","M","M"],"path_taken":["M","?","?","$","?","E","R","M","T","E","?","M","M","M","R","BOSS","M","?","?","M","M"],"items_purchased":["Protect","FearNoEvil"],"item_purchase_floors":[4,4],"items_purged":[],"items_purged_floors":[],"character_chosen":"WATCHER","card_choices":[{"picked":"BowlingBash","not_picked":["CutThroughFate","FollowUp"],"floor":1},{"picked":"PathToVictory","not_picked":["EmptyFist","JustLucky"],"floor":5},{"picked":"SKIP","not_picked":["EmptyFist","EmptyBody","ClearTheMind"],"floor":6},{"picked":"ForeignInfluence","not_picked":["Consecrate","MentalFortress"],"floor":8},{"picked":"Swivel","not_picked":["CrushJoints","Conclude"],"floor":10},{"picked":"SKIP","not_picked":["BowlingBash","EmptyBody","JustLucky"],"floor":12},{"picked":"WindmillStrike","not_picked":["Consecrate","Vengeance"],"floor":13},{"picked":"SKIP","not_picked":["SignatureMove","MasterReality","BowlingBash"],"floor":14},{"picked":"LessonLearned","not_picked":["Devotion","SpiritShield"],"floor":16},{"picked":"ClearTheMind+1","not_picked":["CutThroughFate","Consecrate"],"floor":18},{"picked":"PathToVictory","not_picked":["ThirdEye","EmptyFist"],"floor":21}],"event_choices":[{"event_name":"Shining Light","player_choice":"Entered Light","floor":2,"cards_obtained":null,"cards_removed":null,"cards_transformed":null,"cards_upgraded":["BowlingBash","Strike_P"],"relics_obtained":null,"potions_obtained":null,"relics_lost":null,"damage_taken":13,"damage_healed":0,"max_hp_loss":0,"max_hp_gain":0,"gold_gain":0,"gold_loss":0},{"event_name":"Bonfire Elementals","player_choice":"Offered Basic","floor":3,"cards_obtained":null,"cards_removed":["Strike_P"],"cards_transformed":null,"cards_upgraded":null,"relics_obtained":null,"potions_obtained":null,"relics_lost":null,"damage_taken":0,"damage_healed":0,"max_hp_loss":0,"max_hp_gain":0,"gold_gain":0,"gold_loss":0},{"event_name":"Golden Wing","player_choice":"Card Removal","floor":11,"cards_obtained":null,"cards_removed":["Strike_P"],"cards_transformed":null,"cards_upgraded":null,"relics_obtained":null,"potions_obtained":null,"relics_lost":null,"damage_taken":7,"damage_healed":0,"max_hp_loss":0,"max_hp_gain":0,"gold_gain":0,"gold_loss":0},{"event_name":"Back to Basics","player_choice":"Elegance","floor":19,"cards_obtained":null,"cards_removed":["Strike_P"],"cards_transformed":null,"cards_upgraded":null,"relics_obtained":null,"potions_obtained":null,"relics_lost":null,"damage_taken":0,"damage_healed":0,"max_hp_loss":0,"max_hp_gain":0,"gold_gain":0,"gold_loss":0},{"event_name":"The Mausoleum","player_choice":"Opened","floor":20,"cards_obtained":["Writhe"],"cards_removed":null,"cards_transformed":null,"cards_upgraded":null,"relics_obtained":["Mummified Hand"],"potions_obtained":null,"relics_lost":null,"damage_taken":0,"damage_healed":0,"max_hp_loss":0,"max_hp_gain":0,"gold_gain":0,"gold_loss":0}],"boss_relics":[{"picked":"Calling Bell","not_picked":["Sozu","Snecko Eye"]}],"damage_taken":[{"floor":1,"enemies":"Small Slimes","damage":0,"turns":2},{"floor":5,"enemies":"Jaw Worm","damage":4,"turns":3},{"floor":6,"enemies":"3 Sentries","damage":12,"turns":7},{"floor":8,"enemies":"Cultist","damage":0,"turns":2},{"floor":10,"enemies":"Gremlin Nob","damage":18,"turns":3},{"floor":12,"enemies":"2 Fungi Beasts","damage":0,"turns":1},{"floor":13,"enemies":"Large Slime","damage":0,"turns":2},{"floor":14,"enemies":"3 Louse","damage":0,"turns":2},{"floor":16,"enemies":"Hexaghost","damage":14,"turns":7},{"floor":18,"enemies":"Chosen","damage":23,"turns":5},{"floor":21,"enemies":"Shell Parasite","damage":19,"turns":4},{"floor":22,"enemies":"Centurion and Healer","damage":20,"turns":2}],"potions_obtained":[{"key":"AttackPotion","floor":5},{"key":"BlessingOfTheForge","floor":8},{"key":"Fruit Juice","floor":12},{"key":"Dexterity Potion","floor":14}],"relics_obtained":[{"key":"Potion Belt","floor":6},{"key":"Ancient Tea Set","floor":9},{"key":"Bag of Marbles","floor":10},{"key":"Orichalcum","floor":17},{"key":"Ornamental Fan","floor":17},{"key":"StoneCalendar","floor":17}],"campfire_choices":[{"floor":7,"key":"SMITH","data":"Eruption"},{"floor":15,"key":"REST"}],"circlet_count":0,"win_rate":0,"killed_by":"Centurion and Healer"}