{"play_id":"8feda8fd-8278-47bf-b93f-eecaaed51cba","build_version":"2020-01-27","seed_played":"-977445117463892886","chose_seed":false,"seed_source_timestamp":0,"is_daily":false,"special_seed":0,"is_trial":false,"is_endless":false,"is_ascension_mode":true,"ascension_level":12,"neow_bonus":"BOSS_RELIC","neow_cost":"NONE","is_beta":false,"is_prod":false,"victory":false,"floor_reached":14,"score":144,"timestamp":1710504085,"local_time":"03/15/2024 12:01:25","playtime":466,"player_experience":578221,"master_deck":["AscendersBane","Strike_P","Strike_P","Strike_P","Strike_P","Defend_P","Defend_P","Defend_P","Defend_P","Eruption+1","Vigilance","BowlingBash+1","Protect","Conclude","Wireheading","SashWhip"],"relics":["Snecko Eye","Nunchaku","Incense Burner","Bag of Marbles","PreservedInsect"],"gold":6,"campfire_rested":0,"campfire_upgraded":2,"purchased_purges":1,"potions_floor_spawned":[1,6],"potions_floor_usage":[],"current_hp_per_floor":[65,65,65,65,48,32,32,32,32,32,32,8,8,0],"max_hp_per_floor":[72,72,72,72,72,72,72,72,72,72,72,72,72,72],"gold_per_floor":[112,287,287,0,10,44,44,56,80,80,94,111,36,6],"path_per_floor":["M","?","?","$","M","E","R","M","T","R","M","M","$","M"],"path_taken":["M","?","?","$","?","E","R","M","T","R","M","M","?","M"],"items_purchased":["Incense Burner"],"item_purchase_floors":[4],"items_purged":["Doubt"],"items_purged_floors":[13],"character_chosen":"WATCHER","card_choices":[{"picked":"SKIP","not_picked":["FollowUp","Prostrate","Weave"],"floor":1},{"picked":"BowlingBash","not_picked":["SashWhip","Halt"],"floor":5},{"picked":"Protect","not_picked":["EmptyFist","Fasting2"],"floor":6},{"picked":"Conclude","not_picked":["Evaluate","Crescendo"],"floor":8},{"picked":"Wireheading","not_picked":["Crescendo","ThirdEye"],"floor":11},{"picked":"SashWhip","not_picked":["JustLucky","FollowUp"],"floor":12}],"event_choices":[{"event_name":"Liars Game","player_choice":"AGREE","floor":2,"cards_obtained":["Doubt"],"cards_removed":null,"cards_transformed":null,"cards_upgraded":null,"relics_obtained":null,"potions_obtained":null,"relics_lost":null,"damage_taken":0,"damage_healed":0,"max_hp_loss":0,"max_hp_gain":0,"gold_gain":175,"gold_loss":0},{"event_name":"WeMeetAgain","player_choice":"Gave Potion","floor":3,"cards_obtained":null,"cards_removed":null,"cards_transformed":null,"cards_upgraded":null,"relics_obtained":["Nunchaku"],"potions_obtained":null,"relics_lost":null,"damage_taken":0,"damage_healed":0,"max_hp_loss":0,"max_hp_gain":0,"gold_gain":0,"gold_loss":0}],"boss_relics":[],"damage_taken":[{"floor":1,"enemies":"Jaw Worm","damage":0,"turns":2},{"floor":5,"enemies":"2 Louse","damage":17,"turns":3},{"floor":6,"enemies":"Gremlin Nob","damage":16,"turns":4},{"floor":8,"enemies":"Cultist","damage":0,"turns":4},{"floor":11,"enemies":"Red Slaver","damage":0,"turns":3},{"floor":12,"enemies":"3 Louse","damage":24,"turns":3},{"floor":14,"enemies":"Exordium Thugs","damage":11,"turns":2}],"potions_obtained":[{"key":"Ancient Potion","floor":1},{"key":"BlessingOfTheForge","floor":6}],"relics_obtained":[{"key":"Bag of Marbles","floor":6},{"key":"PreservedInsect","floor":9}],"campfire_choices":[{"floor":7,"key":"SMITH","data":"Eruption"},{"floor":10,"key":"SMITH","data":"BowlingBash"}],"circlet_count":0,"win_rate":0,"killed_by":"Exordium Thugs"}