{"play_id":"6ebe168e-c8d3-4a6c-83a9-49a1d512a7b5","build_version":"2020-01-27","seed_played":"-5416597551056157707","chose_seed":false,"seed_source_timestamp":0,"is_daily":false,"special_seed":0,"is_trial":false,"is_endless":false,"is_ascension_mode":true,"ascension_level":12,"neow_bonus":"THREE_ENEMY_KILL","neow_cost":"NONE","is_beta":false,"is_prod":false,"victory":false,"floor_reached":8,"score":126,"timestamp":1710765524,"local_time":"03/18/2024 12:38:44","playtime":160,"player_experience":583219,"master_deck":["AscendersBane","Strike_P","Strike_P","Strike_P","Strike_P","Defend_P","Defend_P","Defend_P","Defend_P","Eruption+1","Vigilance","BowlingBash","Doubt","Regret","InnerPeace"],"relics":["PureWater","NeowsBlessing","Golden Idol","Bronze Scales","Eternal Feather"],"gold":333,"campfire_rested":0,"campfire_upgraded":1,"purchased_purges":0,"potions_floor_spawned":[1],"potions_floor_usage":[8],"current_hp_per_floor":[65,65,47,47,47,47,56,0],"max_hp_per_floor":[72,72,72,72,72,72,72,72],"gold_per_floor":[111,286,286,286,302,333,333,333],"path_per_floor":["M","?","?","?","M","E","R","E"],"path_taken":["M","?","?","?","M","E","R","E"],"items_purchased":[],"item_purchase_floors":[],"items_purged":[],"items_purged_floors":[],"character_chosen":"WATCHER","card_choices":[{"picked":"BowlingBash","not_picked":["Fasting2","EmptyFist"],"floor":1},{"picked":"InnerPeace","not_picked":["Crescendo","FollowUp"],"floor":5},{"picked":"SKIP","not_picked":["Evaluate","SashWhip","Pray"],"floor":6}],"event_choices":[{"event_name":"Liars Game","player_choice":"AGREE","floor":2,"cards_obtained":["Doubt"],"cards_removed":null,"cards_transformed":null,"cards_upgraded":null,"relics_obtained":null,"potions_obtained":null,"relics_lost":null,"damage_taken":0,"damage_healed":0,"max_hp_loss":0,"max_hp_gain":0,"gold_gain":175,"gold_loss":0},{"event_name":"Golden Idol","player_choice":"Take Damage","floor":3,"cards_obtained":null,"cards_removed":null,"cards_transformed":null,"cards_upgraded":null,"relics_obtained":["Golden Idol"],"potions_obtained":null,"relics_lost":null,"damage_taken":18,"damage_healed":0,"max_hp_loss":0,"max_hp_gain":0,"gold_gain":0,"gold_loss":0},{"event_name":"Big Fish","player_choice":"Box","floor":4,"cards_obtained":["Regret"],"cards_removed":null,"cards_transformed":null,"cards_upgraded":null,"relics_obtained":["Bronze Scales"],"potions_obtained":null,"relics_lost":null,"damage_taken":0,"damage_healed":0,"max_hp_loss":0,"max_hp_gain":0,"gold_gain":0,"gold_loss":0}],"boss_relics":[],"damage_taken":[{"floor":1,"enemies":"2 Louse","damage":0,"turns":1},{"floor":5,"enemies":"Small Slimes","damage":0,"turns":2},{"floor":6,"enemies":"3 Sentries","damage":0,"turns":1},{"floor":8,"enemies":"Gremlin Nob","damage":58,"turns":4}],"potions_obtained":[{"key":"FearPotion","floor":1}],"relics_obtained":[{"key":"Eternal Feather","floor":6}],"campfire_choices":[{"floor":7,"key":"SMITH","data":"Eruption"}],"circlet_count":0,"win_rate":0,"killed_by":"Gremlin Nob"}