{"play_id":"134d8193-7ecc-4ba3-8dde-3e6eac613fce","build_version":"2020-01-27","seed_played":"-6333688253349046079","chose_seed":false,"seed_source_timestamp":902432883572,"is_daily":false,"special_seed":null,"is_trial":false,"is_endless":false,"is_ascension_mode":true,"ascension_level":12,"neow_bonus":"TEN_PERCENT_HP_BONUS","neow_cost":"NONE","is_beta":false,"is_prod":false,"victory":false,"floor_reached":23,"score":352,"timestamp":1710767477,"local_time":"03/18/2024 13:11:17","playtime":931,"player_experience":583379,"master_deck":["AscendersBane","Strike_P","Strike_P","Strike_P","Defend_P","Defend_P","Defend_P","Eruption+1","Vigilance","Prostrate+1","Prostrate+1","SignatureMove+1","Pray","WreathOfFlame","DeceiveReality","ReachHeaven","Devotion","CurseOfTheBell","Prostrate","Writhe"],"relics":["PureWater","Happy Flower","Potion Belt","Calling Bell","Orichalcum","White Beast Statue","Thread and Needle","Toxic Egg 2"],"gold":284,"campfire_rested":0,"campfire_upgraded":4,"purchased_purges":2,"potions_floor_spawned":[1,4,7,10,13,18,19,20],"potions_floor_usage":[7,7,13,18,19,23],"current_hp_per_floor":[70,70,68,67,62,62,46,46,46,39,34,34,34,34,34,7,61,32,31,28,28,28,0],"max_hp_per_floor":[79,79,79,79,79,79,79,79,79,79,79,79,79,79,79,79,79,79,79,79,79,79,79],"gold_per_floor":[109,34,53,71,84,84,117,117,117,137,156,156,168,30,30,134,134,149,165,185,185,284,284],"path_per_floor":["M","$","M","M","M","R","E","R","T","M","M","R","M","$","R","B",null,"M","M","M","?","?","E"],"path_taken":["M","$","M","M","M","R","E","R","T","M","M","R","M","$","R","BOSS","M","?","M","?","?","E"],"items_purchased":["ReachHeaven"],"item_purchase_floors":[14],"items_purged":["Defend_P","Strike_P"],"items_purged_floors":[2,14],"character_chosen":"WATCHER","card_choices":[{"picked":"Prostrate","not_picked":["Crescendo","EmptyBody"],"floor":1},{"picked":"Prostrate","not_picked":["Crescendo","Evaluate"],"floor":3},{"picked":"SignatureMove","not_picked":["Evaluate","Protect"],"floor":4},{"picked":"SKIP","not_picked":["FollowUp","Halt","Evaluate"],"floor":5},{"picked":"SKIP","not_picked":["FlurryOfBlows","Omniscience","CrushJoints"],"floor":7},{"picked":"Pray","not_picked":["Nirvana","CutThroughFate"],"floor":10},{"picked":"WreathOfFlame","not_picked":["ThirdEye","Wireheading"],"floor":11},{"picked":"DeceiveReality","not_picked":["Conclude","Crescendo"],"floor":13},{"picked":"Devotion","not_picked":["Ragnarok","Vault"],"floor":16},{"picked":"SKIP","not_picked":["Protect+1","Evaluate","Halt"],"floor":18},{"picked":"SKIP","not_picked":["JustLucky+1","CarveReality","Ragnarok"],"floor":19},{"picked":"Prostrate","not_picked":["Protect","PathToVictory"],"floor":20}],"event_choices":[{"event_name":"The Mausoleum","player_choice":"Opened","floor":21,"cards_obtained":["Writhe"],"cards_removed":null,"cards_transformed":null,"cards_upgraded":null,"relics_obtained":["Toxic Egg 2"],"potions_obtained":null,"relics_lost":null,"damage_taken":0,"damage_healed":0,"max_hp_loss":0,"max_hp_gain":0,"gold_gain":0,"gold_loss":0},{"event_name":"Nest","player_choice":"Stole From Cult","floor":22,"cards_obtained":null,"cards_removed":null,"cards_transformed":null,"cards_upgraded":null,"relics_obtained":null,"potions_obtained":null,"relics_lost":null,"damage_taken":0,"damage_healed":0,"max_hp_loss":0,"max_hp_gain":0,"gold_gain":99,"gold_loss":0}],"boss_relics":[{"picked":"Calling Bell","not_picked":["Fusion Hammer","Coffee Dripper"]}],"damage_taken":[{"floor":1,"enemies":"Cultist","damage":2,"turns":3},{"floor":3,"enemies":"Jaw Worm","damage":2,"turns":4},{"floor":4,"enemies":"Small Slimes","damage":1,"turns":4},{"floor":5,"enemies":"2 Fungi Beasts","damage":5,"turns":2},{"floor":7,"enemies":"3 Sentries","damage":16,"turns":4},{"floor":10,"enemies":"Looter","damage":7,"turns":3},{"floor":11,"enemies":"Exordium Thugs","damage":5,"turns":6},{"floor":13,"enemies":"3 Louse","damage":0,"turns":1},{"floor":16,"enemies":"The Guardian","damage":27,"turns":6},{"floor":18,"enemies":"3 Byrds","damage":29,"turns":7},{"floor":19,"enemies":"Spheric Guardian","damage":1,"turns":3},{"floor":20,"enemies":"Centurion and Healer","damage":3,"turns":4},{"floor":23,"enemies":"Gremlin Leader","damage":30,"turns":5}],"potions_obtained":[{"key":"SteroidPotion","floor":1},{"key":"SteroidPotion","floor":4},{"key":"StancePotion","floor":7},{"key":"Explosive Potion","floor":10},{"key":"BlessingOfTheForge","floor":13},{"key":"Strength Potion","floor":18},{"key":"LiquidBronze","floor":19},{"key":"CultistPotion","floor":20}],"relics_obtained":[{"key":"Happy Flower","floor":7},{"key":"Potion Belt","floor":9},{"key":"Orichalcum","floor":17},{"key":"White Beast Statue","floor":17},{"key":"Thread and Needle","floor":17}],"campfire_choices":[{"floor":6,"key":"SMITH","data":"Prostrate"},{"floor":8,"key":"SMITH","data":"Prostrate"},{"floor":12,"key":"SMITH","data":"SignatureMove"},{"floor":15,"key":"SMITH","data":"Eruption"}],"circlet_count":0,"win_rate":0,"killed_by":"Gremlin Leader"}