{"play_id":"c08ac97f-1ded-44d0-a914-42835cb2ce0f","build_version":"2020-01-27","seed_played":"4705539020998137550","chose_seed":false,"seed_source_timestamp":586278621158,"is_daily":false,"special_seed":null,"is_trial":false,"is_endless":false,"is_ascension_mode":true,"ascension_level":12,"neow_bonus":"ONE_RANDOM_RARE_CARD","neow_cost":"NONE","is_beta":false,"is_prod":false,"victory":false,"floor_reached":27,"score":432,"timestamp":1710682585,"local_time":"03/17/2024 13:36:25","playtime":1149,"player_experience":581143,"master_deck":["AscendersBane","Strike_P+1","Strike_P+1","Defend_P","Defend_P","Defend_P","Eruption+1","Vigilance","DeusExMachina+1","ForeignInfluence+1","LikeWater+1","Swivel","Vengeance","DeusExMachina","BowlingBash+1","Vengeance"],"relics":["PureWater","StoneCalendar","Pantograph","Whetstone","Nunchaku","Runic Pyramid","Smiling Mask","ClockworkSouvenir","GoldenEye","Boot"],"gold":94,"campfire_rested":0,"campfire_upgraded":5,"purchased_purges":3,"potions_floor_spawned":[3,4,14,25],"potions_floor_usage":[7,7,16,20,25],"current_hp_per_floor":[64,64,57,46,46,46,31,31,31,29,29,29,18,18,18,34,63,37,37,32,56,56,56,56,9,9,0],"max_hp_per_floor":[72,72,72,72,72,72,72,72,72,72,72,72,72,72,72,72,72,72,72,72,72,72,72,72,72,72,72],"gold_per_floor":[114,39,54,66,66,66,100,100,100,132,32,32,107,141,141,245,245,256,226,237,237,260,260,64,94,94,94],"path_per_floor":["M","$","M","M","$","R","E","R","T","E","$","R","?","E","R","B",null,"M","?","M","?","T","R","$","E","T","M"],"path_taken":["M","$","M","M","$","R","E","R","T","E","$","R","?","E","R","BOSS","M","?","?","?","?","R","?","E","T","M"],"items_purchased":["ClockworkSouvenir"],"item_purchase_floors":[24],"items_purged":["Strike_P","Defend_P","Strike_P"],"items_purged_floors":[2,11,24],"character_chosen":"WATCHER","card_choices":[{"picked":"ForeignInfluence","not_picked":["FlyingSleeves","ClearTheMind"],"floor":1},{"picked":"LikeWater","not_picked":["FlyingSleeves","EmptyBody"],"floor":3},{"picked":"Swivel","not_picked":["FollowUp","Evaluate"],"floor":4},{"picked":"SKIP","not_picked":["Vengeance","JustLucky","BattleHymn"],"floor":7},{"picked":"SKIP","not_picked":["Sanctity","ClearTheMind","Blasphemy"],"floor":10},{"picked":"Vengeance","not_picked":["Prostrate","Protect"],"floor":14},{"picked":"DeusExMachina","not_picked":["DevaForm","Judgement"],"floor":16},{"picked":"BowlingBash","not_picked":["Crescendo","ThirdEye"],"floor":18},{"picked":"SKIP","not_picked":["Weave","Consecrate","Crescendo"],"floor":20},{"picked":"Vengeance","not_picked":["CarveReality","Alpha"],"floor":25}],"event_choices":[{"event_name":"World of Goop","player_choice":"Gather Gold","floor":13,"cards_obtained":null,"cards_removed":null,"cards_transformed":null,"cards_upgraded":null,"relics_obtained":null,"potions_obtained":null,"relics_lost":null,"damage_taken":11,"damage_healed":0,"max_hp_loss":0,"max_hp_gain":0,"gold_gain":75,"gold_loss":0},{"event_name":"The Woman in Blue","player_choice":"Bought 2 Potions","floor":19,"cards_obtained":null,"cards_removed":null,"cards_transformed":null,"cards_upgraded":null,"relics_obtained":null,"potions_obtained":null,"relics_lost":null,"damage_taken":0,"damage_healed":0,"max_hp_loss":0,"max_hp_gain":0,"gold_gain":0,"gold_loss":0},{"event_name":"The Library","player_choice":"Heal","floor":21,"cards_obtained":null,"cards_removed":null,"cards_transformed":null,"cards_upgraded":null,"relics_obtained":null,"potions_obtained":null,"relics_lost":null,"damage_taken":0,"damage_healed":24,"max_hp_loss":0,"max_hp_gain":0,"gold_gain":0,"gold_loss":0}],"boss_relics":[{"picked":"Runic Pyramid","not_picked":["Busted Crown","Empty Cage"]}],"damage_taken":[{"floor":1,"enemies":"2 Louse","damage":1,"turns":3},{"floor":3,"enemies":"Cultist","damage":7,"turns":3},{"floor":4,"enemies":"Jaw Worm","damage":11,"turns":3},{"floor":7,"enemies":"3 Sentries","damage":15,"turns":10},{"floor":10,"enemies":"Lagavulin","damage":2,"turns":7},{"floor":14,"enemies":"3 Sentries","damage":0,"turns":7},{"floor":16,"enemies":"Slime Boss","damage":9,"turns":7},{"floor":18,"enemies":"Chosen","damage":26,"turns":5},{"floor":20,"enemies":"Shell Parasite","damage":5,"turns":3},{"floor":25,"enemies":"Gremlin Leader","damage":47,"turns":6},{"floor":27,"enemies":"Shelled Parasite and Fungi","damage":10,"turns":1}],"potions_obtained":[{"key":"SteroidPotion","floor":3},{"key":"Fire Potion","floor":4},{"key":"GamblersBrew","floor":14},{"key":"Weak Potion","floor":19},{"key":"StancePotion","floor":19},{"key":"Explosive Potion","floor":25}],"relics_obtained":[{"key":"StoneCalendar","floor":7},{"key":"Pantograph","floor":9},{"key":"Whetstone","floor":10},{"key":"Nunchaku","floor":14},{"key":"Smiling Mask","floor":22},{"key":"GoldenEye","floor":25},{"key":"Boot","floor":26}],"campfire_choices":[{"floor":6,"key":"SMITH","data":"Eruption"},{"floor":8,"key":"SMITH","data":"ForeignInfluence"},{"floor":12,"key":"SMITH","data":"LikeWater"},{"floor":15,"key":"SMITH","data":"DeusExMachina"},{"floor":23,"key":"SMITH","data":"BowlingBash"}],"circlet_count":0,"win_rate":0,"killed_by":"Shelled Parasite and Fungi"}