{"play_id":"a3b641fd-df72-4b2e-873b-447e26a2359e","build_version":"2020-01-27","seed_played":"6993796040334059348","chose_seed":false,"seed_source_timestamp":793341661702,"is_daily":false,"special_seed":null,"is_trial":false,"is_endless":false,"is_ascension_mode":true,"ascension_level":12,"neow_bonus":"THREE_ENEMY_KILL","neow_cost":"NONE","is_beta":false,"is_prod":false,"victory":false,"floor_reached":14,"score":141,"timestamp":1710728737,"local_time":"03/18/2024 02:25:37","playtime":444,"player_experience":582775,"master_deck":["AscendersBane","Strike_P","Strike_P","Strike_P","Strike_P","Defend_P","Defend_P","Defend_P","Eruption+1","Vigilance","Pray","FlurryOfBlows","FlyingSleeves","FollowUp","Doubt","Perseverance+1","Collect","Sanctity"],"relics":["PureWater","NeowsBlessing","Oddly Smooth Stone","Tiny Chest"],"gold":331,"campfire_rested":0,"campfire_upgraded":2,"purchased_purges":0,"potions_floor_spawned":[1,11,12],"potions_floor_usage":[11,12],"current_hp_per_floor":[65,65,65,65,65,65,65,65,65,65,55,27,16,0],"max_hp_per_floor":[72,72,72,72,72,72,72,72,72,72,72,72,72,72],"gold_per_floor":[114,61,61,8,183,183,194,213,213,213,225,256,331,331],"path_per_floor":["M","$","?","$","?","R","M","M","T","R","M","E","?","M"],"path_taken":["M","$","?","?","?","R","M","M","T","R","M","E","?","?"],"items_purchased":["FlurryOfBlows","FollowUp"],"item_purchase_floors":[2,4],"items_purged":[],"items_purged_floors":[],"character_chosen":"WATCHER","card_choices":[{"picked":"Pray","not_picked":["JustLucky","FlyingSleeves"],"floor":1},{"picked":"Perseverance","not_picked":["EmptyBody","Swivel"],"floor":7},{"picked":"SKIP","not_picked":["WreathOfFlame","ThirdEye","SashWhip"],"floor":8},{"picked":"Collect","not_picked":["TalkToTheHand","BowlingBash"],"floor":11},{"picked":"Sanctity","not_picked":["Blasphemy","JustLucky"],"floor":12}],"event_choices":[{"event_name":"Transmorgrifier","player_choice":"Transformed","floor":3,"cards_obtained":["FlyingSleeves"],"cards_removed":null,"cards_transformed":["Defend_P"],"cards_upgraded":null,"relics_obtained":null,"potions_obtained":null,"relics_lost":null,"damage_taken":0,"damage_healed":0,"max_hp_loss":0,"max_hp_gain":0,"gold_gain":0,"gold_loss":0},{"event_name":"Liars Game","player_choice":"AGREE","floor":5,"cards_obtained":["Doubt"],"cards_removed":null,"cards_transformed":null,"cards_upgraded":null,"relics_obtained":null,"potions_obtained":null,"relics_lost":null,"damage_taken":0,"damage_healed":0,"max_hp_loss":0,"max_hp_gain":0,"gold_gain":175,"gold_loss":0},{"event_name":"World of Goop","player_choice":"Gather Gold","floor":13,"cards_obtained":null,"cards_removed":null,"cards_transformed":null,"cards_upgraded":null,"relics_obtained":null,"potions_obtained":null,"relics_lost":null,"damage_taken":11,"damage_healed":0,"max_hp_loss":0,"max_hp_gain":0,"gold_gain":75,"gold_loss":0}],"boss_relics":[],"damage_taken":[{"floor":1,"enemies":"Small Slimes","damage":0,"turns":2},{"floor":7,"enemies":"Cultist","damage":0,"turns":1},{"floor":8,"enemies":"2 Louse","damage":0,"turns":2},{"floor":11,"enemies":"Exordium Wildlife","damage":10,"turns":4},{"floor":12,"enemies":"3 Sentries","damage":28,"turns":7},{"floor":14,"enemies":"Lots of Slimes","damage":16,"turns":2}],"potions_obtained":[{"key":"Swift Potion","floor":1},{"key":"ColorlessPotion","floor":11},{"key":"Weak Potion","floor":12}],"relics_obtained":[{"key":"Oddly Smooth Stone","floor":9},{"key":"Tiny Chest","floor":12}],"campfire_choices":[{"floor":6,"key":"SMITH","data":"Eruption"},{"floor":10,"key":"SMITH","data":"Perseverance"}],"circlet_count":0,"win_rate":0,"killed_by":"Lots of Slimes"}