{"play_id":"d2d6ffec-d43d-4e95-b687-792595e51b29","build_version":"2020-01-27","seed_played":"2769431899304770498","chose_seed":false,"seed_source_timestamp":80663052364,"is_daily":false,"special_seed":null,"is_trial":false,"is_endless":false,"is_ascension_mode":true,"ascension_level":12,"neow_bonus":"THREE_ENEMY_KILL","neow_cost":"NONE","is_beta":false,"is_prod":false,"victory":false,"floor_reached":20,"score":282,"timestamp":1710213818,"local_time":"03/12/2024 03:23:38","playtime":751,"player_experience":577470,"master_deck":["AscendersBane","Strike_P","Strike_P","Strike_P","Defend_P","Defend_P","Defend_P","Defend_P","Eruption+1","Vigilance","Halt","BowlingBash","ReachHeaven","Collect+1","SignatureMove+1","Omniscience"],"relics":["PureWater","NeowsBlessing","ClockworkSouvenir","Anchor","Bronze Scales","Black Star","Gremlin Horn"],"gold":201,"campfire_rested":0,"campfire_upgraded":3,"purchased_purges":1,"potions_floor_spawned":[5,11,13,14],"potions_floor_usage":[7,13,16,20],"current_hp_per_floor":[65,65,65,65,65,65,45,45,45,45,45,45,45,44,44,23,60,7,7,0],"max_hp_per_floor":[72,72,72,72,72,72,72,72,72,72,72,72,72,72,72,72,72,72,72,72],"gold_per_floor":[111,286,304,40,52,52,83,83,110,110,129,141,161,179,179,275,275,286,201,201],"path_per_floor":["M","?","M","$","M","R","E","R","T","?","M","M","M","M","R","B",null,"M","?","?"],"path_taken":["M","?","M","$","M","R","E","R","T","?","M","M","?","M","R","BOSS","M","?","?"],"items_purchased":["ReachHeaven","ClockworkSouvenir"],"item_purchase_floors":[4,4],"items_purged":["Doubt"],"items_purged_floors":[4],"character_chosen":"WATCHER","card_choices":[{"picked":"Halt","not_picked":["ThirdEye","EmptyBody"],"floor":1},{"picked":"BowlingBash","not_picked":["CutThroughFate","Crescendo"],"floor":3},{"picked":"Collect","not_picked":["Halt","ClearTheMind"],"floor":5},{"picked":"SKIP","not_picked":["TalkToTheHand","PathToVictory","SandsOfTime"],"floor":7},{"picked":"SKIP","not_picked":["EmptyBody","DevaForm","Crescendo"],"floor":11},{"picked":"SKIP","not_picked":["Nirvana","Consecrate","Protect"],"floor":12},{"picked":"SignatureMove","not_picked":["TalkToTheHand","FlyingSleeves"],"floor":13},{"picked":"SKIP","not_picked":["SashWhip","EmptyFist","CarveReality"],"floor":14},{"picked":"Omniscience","not_picked":["SpiritShield","Scrawl"],"floor":16},{"picked":"SKIP","not_picked":["Prostrate","Evaluate","CutThroughFate"],"floor":18}],"event_choices":[{"event_name":"Liars Game","player_choice":"AGREE","floor":2,"cards_obtained":["Doubt"],"cards_removed":null,"cards_transformed":null,"cards_upgraded":null,"relics_obtained":null,"potions_obtained":null,"relics_lost":null,"damage_taken":0,"damage_healed":0,"max_hp_loss":0,"max_hp_gain":0,"gold_gain":175,"gold_loss":0},{"event_name":"Bonfire Elementals","player_choice":"Offered Basic","floor":10,"cards_obtained":null,"cards_removed":["Strike_P"],"cards_transformed":null,"cards_upgraded":null,"relics_obtained":null,"potions_obtained":null,"relics_lost":null,"damage_taken":0,"damage_healed":0,"max_hp_loss":0,"max_hp_gain":0,"gold_gain":0,"gold_loss":0},{"event_name":"Addict","player_choice":"Obtained Relic","floor":19,"cards_obtained":null,"cards_removed":null,"cards_transformed":null,"cards_upgraded":null,"relics_obtained":["Gremlin Horn"],"potions_obtained":null,"relics_lost":null,"damage_taken":0,"damage_healed":0,"max_hp_loss":0,"max_hp_gain":0,"gold_gain":0,"gold_loss":85},{"event_name":"Masked Bandits","player_choice":"Fought Bandits","floor":20,"cards_obtained":null,"cards_removed":null,"cards_transformed":null,"cards_upgraded":null,"relics_obtained":null,"potions_obtained":null,"relics_lost":null,"damage_taken":0,"damage_healed":0,"max_hp_loss":0,"max_hp_gain":0,"gold_gain":0,"gold_loss":0}],"boss_relics":[{"picked":"Black Star","not_picked":["Tiny House","Calling Bell"]}],"damage_taken":[{"floor":1,"enemies":"Jaw Worm","damage":0,"turns":1},{"floor":3,"enemies":"Cultist","damage":0,"turns":1},{"floor":5,"enemies":"2 Louse","damage":0,"turns":1},{"floor":7,"enemies":"Gremlin Nob","damage":20,"turns":3},{"floor":11,"enemies":"Looter","damage":0,"turns":3},{"floor":12,"enemies":"Exordium Wildlife","damage":0,"turns":3},{"floor":13,"enemies":"Exordium Thugs","damage":0,"turns":5},{"floor":14,"enemies":"2 Fungi Beasts","damage":1,"turns":2},{"floor":16,"enemies":"The Guardian","damage":21,"turns":7},{"floor":18,"enemies":"3 Byrds","damage":53,"turns":4},{"floor":20,"enemies":"Masked Bandits","damage":24,"turns":2}],"potions_obtained":[{"key":"FearPotion","floor":5},{"key":"Block Potion","floor":11},{"key":"CultistPotion","floor":13},{"key":"Explosive Potion","floor":14}],"relics_obtained":[{"key":"Anchor","floor":7},{"key":"Bronze Scales","floor":9}],"campfire_choices":[{"floor":6,"key":"SMITH","data":"Collect"},{"floor":8,"key":"SMITH","data":"Eruption"},{"floor":15,"key":"SMITH","data":"SignatureMove"}],"circlet_count":0,"win_rate":0,"killed_by":"Masked Bandits"}