{"play_id":"3c2937de-ae40-40f3-b031-e0df7649e0fb","build_version":"2020-01-27","seed_played":"4043780544566598762","chose_seed":false,"seed_source_timestamp":691548222532,"is_daily":false,"special_seed":null,"is_trial":false,"is_endless":false,"is_ascension_mode":true,"ascension_level":12,"neow_bonus":"TEN_PERCENT_HP_BONUS","neow_cost":"NONE","is_beta":false,"is_prod":false,"victory":false,"floor_reached":10,"score":102,"timestamp":1710696823,"local_time":"03/17/2024 17:33:43","playtime":313,"player_experience":582462,"master_deck":["AscendersBane","Strike_P","Strike_P","Strike_P","Strike_P+1","Defend_P+1","Defend_P","Defend_P","Defend_P","Eruption+1","Vigilance","SignatureMove+1","Prostrate","ThirdEye"],"relics":["PureWater","TungstenRod","Mercury Hourglass"],"gold":316,"campfire_rested":0,"campfire_upgraded":2,"purchased_purges":0,"potions_floor_spawned":[1,7],"potions_floor_usage":[10],"current_hp_per_floor":[56,45,71,55,45,45,25,25,25,0],"max_hp_per_floor":[79,79,79,79,79,79,79,79,79,79],"gold_per_floor":[119,194,194,194,213,213,242,242,316,316],"path_per_floor":["M","?","?","?","M","R","E","R","T","E"],"path_taken":["M","?","?","?","M","R","E","R","T","E"],"items_purchased":[],"item_purchase_floors":[],"items_purged":[],"items_purged_floors":[],"character_chosen":"WATCHER","card_choices":[{"picked":"SignatureMove","not_picked":["Collect","ForeignInfluence"],"floor":1},{"picked":"Prostrate","not_picked":["WheelKick","JustLucky"],"floor":5},{"picked":"ThirdEye","not_picked":["EmptyBody","WindmillStrike"],"floor":7}],"event_choices":[{"event_name":"World of Goop","player_choice":"Gather Gold","floor":2,"cards_obtained":null,"cards_removed":null,"cards_transformed":null,"cards_upgraded":null,"relics_obtained":null,"potions_obtained":null,"relics_lost":null,"damage_taken":11,"damage_healed":0,"max_hp_loss":0,"max_hp_gain":0,"gold_gain":75,"gold_loss":0},{"event_name":"Big Fish","player_choice":"Banana","floor":3,"cards_obtained":null,"cards_removed":null,"cards_transformed":null,"cards_upgraded":null,"relics_obtained":null,"potions_obtained":null,"relics_lost":null,"damage_taken":0,"damage_healed":26,"max_hp_loss":0,"max_hp_gain":0,"gold_gain":0,"gold_loss":0},{"event_name":"Shining Light","player_choice":"Entered Light","floor":4,"cards_obtained":null,"cards_removed":null,"cards_transformed":null,"cards_upgraded":["Defend_P","Strike_P"],"relics_obtained":null,"potions_obtained":null,"relics_lost":null,"damage_taken":16,"damage_healed":0,"max_hp_loss":0,"max_hp_gain":0,"gold_gain":0,"gold_loss":0}],"boss_relics":[],"damage_taken":[{"floor":1,"enemies":"Small Slimes","damage":16,"turns":3},{"floor":5,"enemies":"Jaw Worm","damage":10,"turns":5},{"floor":7,"enemies":"3 Sentries","damage":20,"turns":8},{"floor":10,"enemies":"Lagavulin","damage":29,"turns":5}],"potions_obtained":[{"key":"LiquidBronze","floor":1},{"key":"PowerPotion","floor":7}],"relics_obtained":[{"key":"TungstenRod","floor":7},{"key":"Mercury Hourglass","floor":9}],"campfire_choices":[{"floor":6,"key":"SMITH","data":"Eruption"},{"floor":8,"key":"SMITH","data":"SignatureMove"}],"circlet_count":0,"win_rate":0,"killed_by":"Lagavulin"}