{"play_id":"7ea557fc-9e76-4a3f-8122-3931806ca105","build_version":"2020-01-27","seed_played":"6236871988767931206","chose_seed":false,"seed_source_timestamp":0,"is_daily":false,"special_seed":0,"is_trial":false,"is_endless":false,"is_ascension_mode":true,"ascension_level":12,"neow_bonus":"TEN_PERCENT_HP_BONUS","neow_cost":"NONE","is_beta":false,"is_prod":false,"victory":false,"floor_reached":16,"score":173,"timestamp":1710521375,"local_time":"03/15/2024 16:49:35","playtime":654,"player_experience":578687,"master_deck":["AscendersBane","Strike_P+1","Strike_P","Strike_P+1","Strike_P+1","Defend_P","Defend_P","Defend_P","Defend_P+1","Eruption+1","Vigilance","FlurryOfBlows","PathToVictory","LessonLearned+1","FearNoEvil","Protect","FlurryOfBlows","MentalFortress"],"relics":["PureWater","Oddly Smooth Stone","Strawberry","Anchor","Smiling Mask","Toy Ornithopter"],"gold":158,"campfire_rested":1,"campfire_upgraded":1,"purchased_purges":0,"potions_floor_spawned":[3,12],"potions_floor_usage":[12,13],"current_hp_per_floor":[63,63,55,44,70,70,70,48,48,31,28,19,6,6,31,0],"max_hp_per_floor":[79,79,79,79,79,79,79,86,86,86,86,86,86,86,86,86],"gold_per_floor":[118,64,83,158,158,158,13,47,47,47,57,86,147,158,158,158],"path_per_floor":["M","$","M","?","?","R","$","E","T","?","M","E","?","M","R","B"],"path_taken":["M","$","M","?","?","R","$","E","T","?","M","E","?","M","R","BOSS"],"items_purchased":["PathToVictory","Oddly Smooth Stone"],"item_purchase_floors":[2,7],"items_purged":[],"items_purged_floors":[],"character_chosen":"WATCHER","card_choices":[{"picked":"FlurryOfBlows","not_picked":["JustLucky","Consecrate"],"floor":1},{"picked":"LessonLearned","not_picked":["JustLucky","Evaluate"],"floor":3},{"picked":"FearNoEvil","not_picked":["TalkToTheHand","Halt"],"floor":8},{"picked":"SKIP","not_picked":["Indignation","Weave","Halt"],"floor":11},{"picked":"Protect","not_picked":["ReachHeaven","FearNoEvil"],"floor":12},{"picked":"FlurryOfBlows","not_picked":["WreathOfFlame","JustLucky"],"floor":13},{"picked":"MentalFortress","not_picked":["EmptyBody","Collect"],"floor":14}],"event_choices":[{"event_name":"World of Goop","player_choice":"Gather Gold","floor":4,"cards_obtained":null,"cards_removed":null,"cards_transformed":null,"cards_upgraded":null,"relics_obtained":null,"potions_obtained":null,"relics_lost":null,"damage_taken":11,"damage_healed":0,"max_hp_loss":0,"max_hp_gain":0,"gold_gain":75,"gold_loss":0},{"event_name":"Big Fish","player_choice":"Banana","floor":5,"cards_obtained":null,"cards_removed":null,"cards_transformed":null,"cards_upgraded":null,"relics_obtained":null,"potions_obtained":null,"relics_lost":null,"damage_taken":0,"damage_healed":26,"max_hp_loss":0,"max_hp_gain":0,"gold_gain":0,"gold_loss":0},{"event_name":"Shining Light","player_choice":"Entered Light","floor":10,"cards_obtained":null,"cards_removed":null,"cards_transformed":null,"cards_upgraded":["Eruption","Strike_P"],"relics_obtained":null,"potions_obtained":null,"relics_lost":null,"damage_taken":17,"damage_healed":0,"max_hp_loss":0,"max_hp_gain":0,"gold_gain":0,"gold_loss":0},{"event_name":"Dead Adventurer","player_choice":"Searched '1' times","floor":13,"cards_obtained":null,"cards_removed":null,"cards_transformed":null,"cards_upgraded":null,"relics_obtained":null,"potions_obtained":null,"relics_lost":null,"damage_taken":0,"damage_healed":0,"max_hp_loss":0,"max_hp_gain":0,"gold_gain":0,"gold_loss":0}],"boss_relics":[],"damage_taken":[{"floor":1,"enemies":"Jaw Worm","damage":9,"turns":4},{"floor":3,"enemies":"2 Louse","damage":8,"turns":2},{"floor":8,"enemies":"3 Sentries","damage":29,"turns":6},{"floor":11,"enemies":"Small Slimes","damage":3,"turns":3},{"floor":12,"enemies":"Gremlin Nob","damage":9,"turns":3},{"floor":13,"enemies":"Lagavulin Event","damage":13,"turns":5},{"floor":14,"enemies":"Blue Slaver","damage":0,"turns":2},{"floor":16,"enemies":"Slime Boss","damage":35,"turns":6}],"potions_obtained":[{"key":"FearPotion","floor":3},{"key":"EssenceOfSteel","floor":12}],"relics_obtained":[{"key":"Strawberry","floor":8},{"key":"Anchor","floor":9},{"key":"Smiling Mask","floor":12},{"key":"Toy Ornithopter","floor":13}],"campfire_choices":[{"floor":6,"key":"SMITH","data":"LessonLearned"},{"floor":15,"key":"REST"}],"circlet_count":0,"win_rate":0,"killed_by":"Slime Boss"}