{"play_id":"6f0e92fc-bd11-47cd-b9e3-76aa3944751a","build_version":"2020-01-27","seed_played":"8802536673496031160","chose_seed":false,"seed_source_timestamp":0,"is_daily":false,"special_seed":0,"is_trial":false,"is_endless":false,"is_ascension_mode":true,"ascension_level":12,"neow_bonus":"BOSS_RELIC","neow_cost":"NONE","is_beta":false,"is_prod":false,"victory":false,"floor_reached":25,"score":395,"timestamp":1710678349,"local_time":"03/17/2024 12:25:49","playtime":1156,"player_experience":579987,"master_deck":["AscendersBane","Strike_P","Defend_P","Defend_P","Eruption+1","Vigilance","SashWhip+1","EmptyFist+1","Prostrate+1","Vengeance","Adaptation+1","DeceiveReality","Perseverance+1","Swivel","Parasite","DevaForm","Fasting2","FlurryOfBlows","Decay","Pray+1"],"relics":["Astrolabe","Darkstone Periapt","MealTicket","Bronze Scales","Oddly Smooth Stone","Lee's Waffle","Coffee Dripper","ClockworkSouvenir","Red Mask","CaptainsWheel"],"gold":72,"campfire_rested":1,"campfire_upgraded":3,"purchased_purges":1,"potions_floor_spawned":[1,8,10,16,20],"potions_floor_usage":[10,20,23,25],"current_hp_per_floor":[65,54,47,47,47,41,41,40,40,16,37,30,79,85,85,54,77,76,85,31,59,65,27,27,0],"max_hp_per_floor":[72,72,72,72,72,72,72,72,72,72,72,72,79,85,85,85,85,85,85,85,85,91,91,91,91],"gold_per_floor":[112,187,187,187,37,69,69,80,132,158,158,189,43,43,43,143,143,157,11,37,37,37,72,72,72],"path_per_floor":["M","?","?","?","$","E","R","M","T","E","R","E","$","?","R","B",null,"M","$","?","?","?","E","R","E"],"path_taken":["M","?","?","?","$","E","R","?","T","E","R","E","$","?","R","BOSS","M","$","?","?","?","E","R","E"],"items_purchased":["Adaptation","Lee's Waffle","ClockworkSouvenir"],"item_purchase_floors":[5,13,19],"items_purged":["Defend_P"],"items_purged_floors":[5],"character_chosen":"WATCHER","card_choices":[{"picked":"Vengeance","not_picked":["ForeignInfluence","FlyingSleeves"],"floor":1},{"picked":"DeceiveReality","not_picked":["Crescendo","ThirdEye"],"floor":6},{"picked":"Perseverance","not_picked":["WheelKick","Protect"],"floor":8},{"picked":"Swivel","not_picked":["CrushJoints","Protect"],"floor":10},{"picked":"SKIP","not_picked":["SpiritShield","Halt","ClearTheMind"],"floor":12},{"picked":"DevaForm","not_picked":["MasterReality","LessonLearned"],"floor":16},{"picked":"SKIP","not_picked":["Fasting2","ThirdEye","Protect"],"floor":18},{"picked":"Fasting2","not_picked":["ThirdEye","Protect"],"floor":18},{"picked":"FlurryOfBlows","not_picked":["Conclude+1","Nirvana"],"floor":20},{"picked":"Pray+1","not_picked":["Halt","ReachHeaven"],"floor":23}],"event_choices":[{"event_name":"World of Goop","player_choice":"Gather Gold","floor":2,"cards_obtained":null,"cards_removed":null,"cards_transformed":null,"cards_upgraded":null,"relics_obtained":null,"potions_obtained":null,"relics_lost":null,"damage_taken":11,"damage_healed":0,"max_hp_loss":0,"max_hp_gain":0,"gold_gain":75,"gold_loss":0},{"event_name":"Golden Wing","player_choice":"Card Removal","floor":3,"cards_obtained":null,"cards_removed":["Defend_P"],"cards_transformed":null,"cards_upgraded":null,"relics_obtained":null,"potions_obtained":null,"relics_lost":null,"damage_taken":7,"damage_healed":0,"max_hp_loss":0,"max_hp_gain":0,"gold_gain":0,"gold_loss":0},{"event_name":"Lab","player_choice":"Got Potions","floor":4,"cards_obtained":null,"cards_removed":null,"cards_transformed":null,"cards_upgraded":null,"relics_obtained":null,"potions_obtained":null,"relics_lost":null,"damage_taken":0,"damage_healed":0,"max_hp_loss":0,"max_hp_gain":0,"gold_gain":0,"gold_loss":0},{"event_name":"Mushrooms","player_choice":"Healed and dodged fight","floor":14,"cards_obtained":["Parasite"],"cards_removed":null,"cards_transformed":null,"cards_upgraded":null,"relics_obtained":null,"potions_obtained":null,"relics_lost":null,"damage_taken":0,"damage_healed":19,"max_hp_loss":0,"max_hp_gain":0,"gold_gain":0,"gold_loss":0},{"event_name":"Masked Bandits","player_choice":"Fought Bandits","floor":20,"cards_obtained":null,"cards_removed":null,"cards_transformed":null,"cards_upgraded":null,"relics_obtained":null,"potions_obtained":null,"relics_lost":null,"damage_taken":0,"damage_healed":0,"max_hp_loss":0,"max_hp_gain":0,"gold_gain":0,"gold_loss":0},{"event_name":"The Library","player_choice":"Heal","floor":21,"cards_obtained":null,"cards_removed":null,"cards_transformed":null,"cards_upgraded":null,"relics_obtained":null,"potions_obtained":null,"relics_lost":null,"damage_taken":0,"damage_healed":28,"max_hp_loss":0,"max_hp_gain":0,"gold_gain":0,"gold_loss":0},{"event_name":"Forgotten Altar","player_choice":"Smashed Altar","floor":22,"cards_obtained":["Decay"],"cards_removed":null,"cards_transformed":null,"cards_upgraded":null,"relics_obtained":null,"potions_obtained":null,"relics_lost":null,"damage_taken":0,"damage_healed":0,"max_hp_loss":0,"max_hp_gain":0,"gold_gain":0,"gold_loss":0}],"boss_relics":[{"picked":"Coffee Dripper","not_picked":["VioletLotus","SacredBark"]}],"damage_taken":[{"floor":1,"enemies":"Cultist","damage":0,"turns":3},{"floor":6,"enemies":"Lagavulin","damage":6,"turns":5},{"floor":8,"enemies":"2 Louse","damage":1,"turns":3},{"floor":10,"enemies":"Gremlin Nob","damage":24,"turns":4},{"floor":12,"enemies":"Lagavulin","damage":7,"turns":6},{"floor":16,"enemies":"Hexaghost","damage":31,"turns":9},{"floor":18,"enemies":"Spheric Guardian","damage":1,"turns":5},{"floor":20,"enemies":"Masked Bandits","damage":54,"turns":5},{"floor":23,"enemies":"Book of Stabbing","damage":38,"turns":5},{"floor":25,"enemies":"Slavers","damage":34,"turns":4}],"potions_obtained":[{"key":"AttackPotion","floor":1},{"key":"LiquidMemories","floor":4},{"key":"Dexterity Potion","floor":10},{"key":"Fire Potion","floor":20}],"relics_obtained":[{"key":"Darkstone Periapt","floor":6},{"key":"MealTicket","floor":9},{"key":"Bronze Scales","floor":10},{"key":"Oddly Smooth Stone","floor":12},{"key":"Red Mask","floor":20},{"key":"CaptainsWheel","floor":23}],"campfire_choices":[{"floor":7,"key":"SMITH","data":"Adaptation"},{"floor":11,"key":"REST"},{"floor":15,"key":"SMITH","data":"Perseverance"},{"floor":24,"key":"SMITH","data":"Eruption"}],"circlet_count":0,"win_rate":0,"killed_by":"Slavers"}