{"play_id":"e3a6333f-d500-4b7d-b203-f6be00153ede","build_version":"2020-01-27","seed_played":"2137543316572865374","chose_seed":false,"seed_source_timestamp":473097991725,"is_daily":false,"special_seed":null,"is_trial":false,"is_endless":false,"is_ascension_mode":true,"ascension_level":12,"neow_bonus":"BOSS_RELIC","neow_cost":"NONE","is_beta":false,"is_prod":false,"victory":false,"floor_reached":10,"score":118,"timestamp":1710038565,"local_time":"03/10/2024 02:42:45","playtime":433,"player_experience":575009,"master_deck":["AscendersBane","Strike_P","Strike_P","Strike_P","Defend_P","Defend_P","Defend_P","Defend_P","Eruption","Vigilance","ReachHeaven","FlurryOfBlows","Pain","Doubt","EmptyFist","FearNoEvil","Doubt"],"relics":["Cursed Key","Toy Ornithopter","Smiling Mask","Ancient Tea Set","Art of War"],"gold":370,"campfire_rested":1,"campfire_upgraded":0,"purchased_purges":1,"potions_floor_spawned":[5],"potions_floor_usage":[6],"current_hp_per_floor":[53,53,53,53,44,21,42,14,14,0],"max_hp_per_floor":[72,72,72,72,72,72,72,72,72,72],"gold_per_floor":[111,11,65,240,256,289,289,316,370,370],"path_per_floor":["M","$","T","?","M","E","R","E","T","E"],"path_taken":["M","$","?","?","M","E","R","E","T","E"],"items_purchased":["FlurryOfBlows"],"item_purchase_floors":[2],"items_purged":["Strike_P"],"items_purged_floors":[2],"character_chosen":"WATCHER","card_choices":[{"picked":"ReachHeaven","not_picked":["CutThroughFate","ThirdEye"],"floor":1},{"picked":"SKIP","not_picked":["CutThroughFate","BowlingBash","Protect"],"floor":5},{"picked":"EmptyFist","not_picked":["BattleHymn","WindmillStrike"],"floor":6},{"picked":"FearNoEvil","not_picked":["Meditate","Adaptation"],"floor":8}],"event_choices":[{"event_name":"Liars Game","player_choice":"AGREE","floor":4,"cards_obtained":["Doubt"],"cards_removed":null,"cards_transformed":null,"cards_upgraded":null,"relics_obtained":null,"potions_obtained":null,"relics_lost":null,"damage_taken":0,"damage_healed":0,"max_hp_loss":0,"max_hp_gain":0,"gold_gain":175,"gold_loss":0}],"boss_relics":[],"damage_taken":[{"floor":1,"enemies":"Cultist","damage":12,"turns":3},{"floor":5,"enemies":"2 Louse","damage":9,"turns":3},{"floor":6,"enemies":"Lagavulin","damage":28,"turns":6},{"floor":8,"enemies":"3 Sentries","damage":28,"turns":8},{"floor":10,"enemies":"Lagavulin","damage":24,"turns":4}],"potions_obtained":[{"key":"Fire Potion","floor":5}],"relics_obtained":[{"key":"Toy Ornithopter","floor":3},{"key":"Smiling Mask","floor":6},{"key":"Ancient Tea Set","floor":8},{"key":"Art of War","floor":9}],"campfire_choices":[{"floor":7,"key":"REST"}],"circlet_count":0,"win_rate":0,"killed_by":"Lagavulin"}