{"play_id":"492b6b1d-6bcf-4903-9b88-ac54858ac91c","build_version":"2020-01-27","seed_played":"8612844317226283226","chose_seed":false,"seed_source_timestamp":0,"is_daily":false,"special_seed":0,"is_trial":false,"is_endless":false,"is_ascension_mode":true,"ascension_level":12,"neow_bonus":"BOSS_RELIC","neow_cost":"NONE","is_beta":false,"is_prod":false,"victory":false,"floor_reached":16,"score":176,"timestamp":1710893792,"local_time":"03/20/2024 00:16:32","playtime":953,"player_experience":584310,"master_deck":["AscendersBane","Strike_P","Strike_P","Defend_P","Defend_P","Defend_P","Defend_P","Eruption","Vigilance","SignatureMove","Protect","Perseverance","Swivel","LikeWater","EmptyBody","Collect","SignatureMove"],"relics":["Fusion Hammer","SsserpentHead","Toy Ornithopter","Blue Candle","Centennial Puzzle","Kunai"],"gold":146,"campfire_rested":2,"campfire_upgraded":0,"purchased_purges":2,"potions_floor_spawned":[1,3,6,12],"potions_floor_usage":[],"current_hp_per_floor":[63,63,61,61,61,23,34,15,15,36,36,17,11,4,25,0],"max_hp_per_floor":[72,72,72,72,72,72,72,72,72,72,72,72,72,72,72,72],"gold_per_floor":[113,38,53,53,3,38,54,81,81,81,2,19,33,146,146,146],"path_per_floor":["M","$","M","?","$","E","M","E","T","R","$","M","M","?","R","B"],"path_taken":["M","$","M","?","?","E","M","E","T","R","$","M","M","?","R","BOSS"],"items_purchased":["LikeWater"],"item_purchase_floors":[11],"items_purged":["Strike_P","Strike_P"],"items_purged_floors":[2,5],"character_chosen":"WATCHER","card_choices":[{"picked":"SignatureMove","not_picked":["BowlingBash","ThirdEye"],"floor":1},{"picked":"Protect","not_picked":["EmptyFist","ClearTheMind"],"floor":3},{"picked":"Perseverance","not_picked":["Sanctity","Devotion"],"floor":6},{"picked":"SKIP","not_picked":["Consecrate","CutThroughFate","Evaluate"],"floor":7},{"picked":"Swivel","not_picked":["Prostrate","JustLucky"],"floor":8},{"picked":"EmptyBody","not_picked":["WreathOfFlame","EmptyMind"],"floor":12},{"picked":"Collect","not_picked":["BowlingBash","Halt"],"floor":13},{"picked":"SignatureMove","not_picked":["FlurryOfBlows","Consecrate"],"floor":14}],"event_choices":[{"event_name":"FaceTrader","player_choice":"Trade","floor":4,"cards_obtained":null,"cards_removed":null,"cards_transformed":null,"cards_upgraded":null,"relics_obtained":["SsserpentHead"],"potions_obtained":null,"relics_lost":null,"damage_taken":0,"damage_healed":0,"max_hp_loss":0,"max_hp_gain":0,"gold_gain":0,"gold_loss":0},{"event_name":"Dead Adventurer","player_choice":"Searched '1' times","floor":14,"cards_obtained":null,"cards_removed":null,"cards_transformed":null,"cards_upgraded":null,"relics_obtained":null,"potions_obtained":null,"relics_lost":null,"damage_taken":0,"damage_healed":0,"max_hp_loss":0,"max_hp_gain":0,"gold_gain":0,"gold_loss":0}],"boss_relics":[],"damage_taken":[{"floor":1,"enemies":"Jaw Worm","damage":2,"turns":4},{"floor":3,"enemies":"Cultist","damage":2,"turns":3},{"floor":6,"enemies":"3 Sentries","damage":38,"turns":11},{"floor":7,"enemies":"Small Slimes","damage":9,"turns":7},{"floor":8,"enemies":"Lagavulin","damage":24,"turns":5},{"floor":12,"enemies":"Gremlin Gang","damage":19,"turns":4},{"floor":13,"enemies":"Blue Slaver","damage":6,"turns":3},{"floor":14,"enemies":"Gremlin Nob","damage":12,"turns":4},{"floor":16,"enemies":"Hexaghost","damage":31,"turns":15}],"potions_obtained":[{"key":"Regen Potion","floor":1},{"key":"Block Potion","floor":3},{"key":"FearPotion","floor":6},{"key":"FearPotion","floor":12}],"relics_obtained":[{"key":"Toy Ornithopter","floor":6},{"key":"Blue Candle","floor":8},{"key":"Centennial Puzzle","floor":9},{"key":"Kunai","floor":14}],"campfire_choices":[{"floor":10,"key":"REST"},{"floor":15,"key":"REST"}],"circlet_count":0,"win_rate":0,"killed_by":"Hexaghost"}