{"play_id":"38ab952a-77c6-4c2b-bd6c-febba4a03567","build_version":"2020-01-27","seed_played":"-6348306872417234062","chose_seed":false,"seed_source_timestamp":1261713385587,"is_daily":false,"special_seed":null,"is_trial":false,"is_endless":false,"is_ascension_mode":true,"ascension_level":12,"neow_bonus":"THREE_ENEMY_KILL","neow_cost":"NONE","is_beta":false,"is_prod":false,"victory":false,"floor_reached":12,"score":181,"timestamp":1710172090,"local_time":"03/11/2024 15:48:10","playtime":348,"player_experience":577122,"master_deck":["AscendersBane","Strike_P","Strike_P","Strike_P","Defend_P","Defend_P","Eruption+1","Vigilance","FlurryOfBlows","ThirdEye","ClearTheMind","FlurryOfBlows","Worship","Scrawl","Collect"],"relics":["PureWater","NeowsBlessing","Tiny Chest","Regal Pillow","Omamori"],"gold":140,"campfire_rested":0,"campfire_upgraded":1,"purchased_purges":1,"potions_floor_spawned":[6,10,11],"potions_floor_usage":[8,11],"current_hp_per_floor":[65,65,65,65,65,65,65,20,20,20,20,0],"max_hp_per_floor":[72,72,72,72,72,72,72,72,72,72,72,72],"gold_per_floor":[110,110,110,128,7,35,35,60,107,127,140,140],"path_per_floor":["M","?","?","M","$","E","R","E","T","M","M","E"],"path_taken":["M","?","?","?","?","E","R","E","T","M","M","E"],"items_purchased":["ClearTheMind"],"item_purchase_floors":[5],"items_purged":["Defend_P"],"items_purged_floors":[5],"character_chosen":"WATCHER","card_choices":[{"picked":"FlurryOfBlows","not_picked":["JustLucky","Protect"],"floor":1},{"picked":"ThirdEye","not_picked":["SpiritShield","Crescendo"],"floor":4},{"picked":"FlurryOfBlows","not_picked":["Fasting2","ThirdEye"],"floor":6},{"picked":"Worship","not_picked":["ClearTheMind","Study"],"floor":8},{"picked":"Scrawl","not_picked":["JustLucky","CutThroughFate"],"floor":10},{"picked":"Collect","not_picked":["BowlingBash","FollowUp"],"floor":11}],"event_choices":[{"event_name":"Living Wall","player_choice":"Forget","floor":2,"cards_obtained":null,"cards_removed":["Defend_P"],"cards_transformed":null,"cards_upgraded":null,"relics_obtained":null,"potions_obtained":null,"relics_lost":null,"damage_taken":0,"damage_healed":0,"max_hp_loss":0,"max_hp_gain":0,"gold_gain":0,"gold_loss":0},{"event_name":"Wheel of Change","player_choice":"Card Removal","floor":3,"cards_obtained":null,"cards_removed":["Strike_P"],"cards_transformed":null,"cards_upgraded":null,"relics_obtained":null,"potions_obtained":null,"relics_lost":null,"damage_taken":0,"damage_healed":0,"max_hp_loss":0,"max_hp_gain":0,"gold_gain":0,"gold_loss":0}],"boss_relics":[],"damage_taken":[{"floor":1,"enemies":"2 Louse","damage":0,"turns":1},{"floor":4,"enemies":"Small Slimes","damage":0,"turns":1},{"floor":6,"enemies":"Gremlin Nob","damage":0,"turns":1},{"floor":8,"enemies":"3 Sentries","damage":45,"turns":7},{"floor":10,"enemies":"Cultist","damage":0,"turns":2},{"floor":11,"enemies":"Gremlin Gang","damage":0,"turns":5},{"floor":12,"enemies":"Gremlin Nob","damage":24,"turns":2}],"potions_obtained":[{"key":"Swift Potion","floor":6},{"key":"SteroidPotion","floor":10},{"key":"SkillPotion","floor":11}],"relics_obtained":[{"key":"Tiny Chest","floor":6},{"key":"Regal Pillow","floor":8},{"key":"Omamori","floor":9}],"campfire_choices":[{"floor":7,"key":"SMITH","data":"Eruption"}],"circlet_count":0,"win_rate":0,"killed_by":"Gremlin Nob"}