{"play_id":"8a9471f3-ef6a-46b8-a6d2-fc9dca61ccc1","build_version":"2020-01-27","seed_played":"-6024201519631155472","chose_seed":false,"seed_source_timestamp":0,"is_daily":false,"special_seed":0,"is_trial":false,"is_endless":false,"is_ascension_mode":true,"ascension_level":12,"neow_bonus":"BOSS_RELIC","neow_cost":"NONE","is_beta":false,"is_prod":false,"victory":false,"floor_reached":24,"score":323,"timestamp":1710036359,"local_time":"03/10/2024 02:05:59","playtime":1212,"player_experience":573797,"master_deck":["AscendersBane","Strike_P","Eruption+1","Vigilance","CurseOfTheBell","LikeWater+1","Perseverance+1","Consecrate+1","Weave","ThirdEye+1","Vengeance","Consecrate+1","LessonLearned","LikeWater+1","Wish+1","Tantrum+1","ClearTheMind+1","Protect+1","FearNoEvil"],"relics":["Calling Bell","Tiny Chest","StrikeDummy","Unceasing Top","Happy Flower","Mercury Hourglass","MealTicket","Vajra","Astrolabe","Red Mask"],"gold":243,"campfire_rested":1,"campfire_upgraded":5,"purchased_purges":1,"potions_floor_spawned":[1,7,16,18,22],"potions_floor_usage":[18,20,24],"current_hp_per_floor":[65,62,62,62,62,62,39,39,39,39,39,39,39,34,34,3,55,35,35,22,22,22,43,0],"max_hp_per_floor":[72,72,72,72,72,72,72,72,72,72,72,72,72,72,72,72,72,72,72,72,72,72,72,77],"gold_per_floor":[110,130,130,29,29,29,63,63,63,63,81,81,107,138,138,233,233,250,175,205,223,243,243,243],"path_per_floor":["M","M","?","$","?","R","E","R","T","R","M","R","T","E","R","B",null,"M","?","?","M","M","R","E"],"path_taken":["M","?","?","$","?","R","E","R","T","R","M","R","?","E","R","BOSS","M","?","?","M","M","R","E"],"items_purchased":["Consecrate"],"item_purchase_floors":[4],"items_purged":["Defend_P"],"items_purged_floors":[4],"character_chosen":"WATCHER","card_choices":[{"picked":"LikeWater","not_picked":["WheelKick","SashWhip"],"floor":1},{"picked":"Perseverance","not_picked":["WreathOfFlame","Crescendo"],"floor":2},{"picked":"ThirdEye","not_picked":["Sanctity","Devotion"],"floor":7},{"picked":"Vengeance","not_picked":["Tantrum","ClearTheMind"],"floor":11},{"picked":"Consecrate","not_picked":["FlyingSleeves","Fasting2"],"floor":14},{"picked":"LessonLearned","not_picked":["Devotion","Wish"],"floor":16},{"picked":"ClearTheMind","not_picked":["Evaluate","BowlingBash"],"floor":18},{"picked":"Protect+1","not_picked":["Evaluate","Prostrate"],"floor":20},{"picked":"SKIP","not_picked":["EmptyFist","WaveOfTheHand","DeceiveReality"],"floor":21},{"picked":"FearNoEvil","not_picked":["WheelKick","Crescendo"],"floor":22}],"event_choices":[{"event_name":"Living Wall","player_choice":"Forget","floor":3,"cards_obtained":null,"cards_removed":["Defend_P"],"cards_transformed":null,"cards_upgraded":null,"relics_obtained":null,"potions_obtained":null,"relics_lost":null,"damage_taken":0,"damage_healed":0,"max_hp_loss":0,"max_hp_gain":0,"gold_gain":0,"gold_loss":0},{"event_name":"Transmorgrifier","player_choice":"Transformed","floor":5,"cards_obtained":["Weave"],"cards_removed":null,"cards_transformed":["Strike_P"],"cards_upgraded":null,"relics_obtained":null,"potions_obtained":null,"relics_lost":null,"damage_taken":0,"damage_healed":0,"max_hp_loss":0,"max_hp_gain":0,"gold_gain":0,"gold_loss":0},{"event_name":"Beggar","player_choice":"Gave Gold","floor":19,"cards_obtained":null,"cards_removed":["Strike_P"],"cards_transformed":null,"cards_upgraded":null,"relics_obtained":null,"potions_obtained":null,"relics_lost":null,"damage_taken":0,"damage_healed":0,"max_hp_loss":0,"max_hp_gain":0,"gold_gain":0,"gold_loss":75},{"event_name":"Masked Bandits","player_choice":"Fought Bandits","floor":20,"cards_obtained":null,"cards_removed":null,"cards_transformed":null,"cards_upgraded":null,"relics_obtained":null,"potions_obtained":null,"relics_lost":null,"damage_taken":0,"damage_healed":0,"max_hp_loss":0,"max_hp_gain":0,"gold_gain":0,"gold_loss":0}],"boss_relics":[{"picked":"Astrolabe","not_picked":["Ectoplasm","VioletLotus"]}],"damage_taken":[{"floor":1,"enemies":"Cultist","damage":0,"turns":3},{"floor":2,"enemies":"2 Louse","damage":3,"turns":6},{"floor":7,"enemies":"Lagavulin","damage":23,"turns":9},{"floor":11,"enemies":"Jaw Worm","damage":0,"turns":3},{"floor":14,"enemies":"3 Sentries","damage":17,"turns":4},{"floor":16,"enemies":"The Guardian","damage":31,"turns":10},{"floor":18,"enemies":"Shell Parasite","damage":20,"turns":3},{"floor":20,"enemies":"Masked Bandits","damage":13,"turns":4},{"floor":21,"enemies":"Chosen","damage":0,"turns":3},{"floor":22,"enemies":"Centurion and Healer","damage":0,"turns":4},{"floor":24,"enemies":"Gremlin Leader","damage":60,"turns":4}],"potions_obtained":[{"key":"Block Potion","floor":1},{"key":"Regen Potion","floor":7},{"key":"LiquidBronze","floor":16},{"key":"SpeedPotion","floor":18},{"key":"Fruit Juice","floor":22}],"relics_obtained":[{"key":"Tiny Chest","floor":0},{"key":"StrikeDummy","floor":0},{"key":"Unceasing Top","floor":0},{"key":"Happy Flower","floor":7},{"key":"Mercury Hourglass","floor":9},{"key":"MealTicket","floor":13},{"key":"Vajra","floor":14},{"key":"Red Mask","floor":20}],"campfire_choices":[{"floor":6,"key":"SMITH","data":"Eruption"},{"floor":8,"key":"SMITH","data":"Perseverance"},{"floor":10,"key":"SMITH","data":"LikeWater"},{"floor":12,"key":"SMITH","data":"ThirdEye"},{"floor":15,"key":"SMITH","data":"Consecrate"},{"floor":23,"key":"REST"}],"circlet_count":0,"win_rate":0,"killed_by":"Gremlin Leader"}