{"play_id":"dd431505-93d3-4d43-b201-4d885e9dbf80","build_version":"2020-01-27","seed_played":"-4105689540134489515","chose_seed":false,"seed_source_timestamp":982714792256,"is_daily":false,"special_seed":null,"is_trial":false,"is_endless":false,"is_ascension_mode":true,"ascension_level":12,"neow_bonus":"TRANSFORM_CARD","neow_cost":"NONE","is_beta":false,"is_prod":false,"victory":false,"floor_reached":8,"score":74,"timestamp":1710980557,"local_time":"03/21/2024 00:22:37","playtime":261,"player_experience":585263,"master_deck":["AscendersBane","Strike_P","Strike_P","Strike_P","Defend_P","Defend_P","Defend_P","Defend_P","Eruption","Vigilance","FearNoEvil","PathToVictory","Protect","Doubt","Prostrate"],"relics":["PureWater","Golden Idol","CultistMask"],"gold":321,"campfire_rested":1,"campfire_upgraded":0,"purchased_purges":0,"potions_floor_spawned":[1],"potions_floor_usage":[8],"current_hp_per_floor":[39,39,39,21,15,36,36,0],"max_hp_per_floor":[72,72,72,72,72,72,72,72],"gold_per_floor":[115,132,307,307,321,321,321,321],"path_per_floor":["M","M","?","?","M","R","?","M"],"path_taken":["M","M","?","?","M","R","?","?"],"items_purchased":[],"item_purchase_floors":[],"items_purged":[],"items_purged_floors":[],"character_chosen":"WATCHER","card_choices":[{"picked":"PathToVictory","not_picked":["Pray","FlyingSleeves"],"floor":1},{"picked":"Protect","not_picked":["Evaluate","Collect"],"floor":2},{"picked":"Prostrate","not_picked":["Consecrate","SashWhip"],"floor":5}],"event_choices":[{"event_name":"Liars Game","player_choice":"AGREE","floor":3,"cards_obtained":["Doubt"],"cards_removed":null,"cards_transformed":null,"cards_upgraded":null,"relics_obtained":null,"potions_obtained":null,"relics_lost":null,"damage_taken":0,"damage_healed":0,"max_hp_loss":0,"max_hp_gain":0,"gold_gain":175,"gold_loss":0},{"event_name":"Golden Idol","player_choice":"Take Damage","floor":4,"cards_obtained":null,"cards_removed":null,"cards_transformed":null,"cards_upgraded":null,"relics_obtained":["Golden Idol"],"potions_obtained":null,"relics_lost":null,"damage_taken":18,"damage_healed":0,"max_hp_loss":0,"max_hp_gain":0,"gold_gain":0,"gold_loss":0},{"event_name":"FaceTrader","player_choice":"Trade","floor":7,"cards_obtained":null,"cards_removed":null,"cards_transformed":null,"cards_upgraded":null,"relics_obtained":["CultistMask"],"potions_obtained":null,"relics_lost":null,"damage_taken":0,"damage_healed":0,"max_hp_loss":0,"max_hp_gain":0,"gold_gain":0,"gold_loss":0}],"boss_relics":[],"damage_taken":[{"floor":1,"enemies":"Small Slimes","damage":26,"turns":3},{"floor":2,"enemies":"2 Louse","damage":0,"turns":3},{"floor":5,"enemies":"Jaw Worm","damage":6,"turns":6},{"floor":8,"enemies":"Gremlin Gang","damage":40,"turns":4}],"potions_obtained":[{"key":"EssenceOfSteel","floor":1}],"relics_obtained":[],"campfire_choices":[{"floor":6,"key":"REST"}],"circlet_count":0,"win_rate":0,"killed_by":"Gremlin Gang"}