{"play_id":"6d4b5ac8-1483-4df5-966d-e198add70b50","build_version":"2020-01-27","seed_played":"-1775020618947567203","chose_seed":false,"seed_source_timestamp":996814975662,"is_daily":false,"special_seed":null,"is_trial":false,"is_endless":false,"is_ascension_mode":true,"ascension_level":12,"neow_bonus":"THREE_ENEMY_KILL","neow_cost":"NONE","is_beta":false,"is_prod":false,"victory":false,"floor_reached":24,"score":366,"timestamp":1710984780,"local_time":"03/21/2024 01:33:00","playtime":676,"player_experience":585524,"master_deck":["AscendersBane","Strike_P+1","Defend_P","Defend_P","Defend_P","Defend_P","Eruption+1","Vigilance","FlurryOfBlows","Madness+1","Consecrate","SignatureMove+1","Protect","Swivel+1","FlurryOfBlows","LessonLearned+1","Ragnarok+1","CurseOfTheBell","FearNoEvil+1","Consecrate+1"],"relics":["PureWater","NeowsBlessing","Tiny Chest","Matryoshka","Gremlin Horn","Calling Bell","Oddly Smooth Stone","Shuriken","Ginger","Molten Egg 2","Whetstone","Medical Kit"],"gold":49,"campfire_rested":0,"campfire_upgraded":4,"purchased_purges":2,"potions_floor_spawned":[10,11,13],"potions_floor_usage":[13,13,14,24],"current_hp_per_floor":[65,58,63,63,63,63,63,63,63,53,53,53,57,54,54,13,65,65,65,65,65,53,53,0],"max_hp_per_floor":[72,72,77,77,77,77,77,77,77,77,77,77,82,82,82,82,82,82,82,82,82,82,82,82],"gold_per_floor":[110,110,110,110,130,130,163,88,88,122,140,140,151,168,168,271,271,291,301,301,49,49,49,49],"path_per_floor":["M","?","?","?","M","R","E","$","T","E","M","R","M","M","R","B",null,"M","M","T","$","?","R","E"],"path_taken":["M","?","?","?","M","R","E","$","T","E","?","R","?","M","R","BOSS","M","?","?","$","?","R","E"],"items_purchased":["Medical Kit"],"item_purchase_floors":[21],"items_purged":["Strike_P","Strike_P"],"items_purged_floors":[8,21],"character_chosen":"WATCHER","card_choices":[{"picked":"FlurryOfBlows","not_picked":["BowlingBash","Evaluate"],"floor":1},{"picked":"Consecrate","not_picked":["FlyingSleeves","Weave"],"floor":5},{"picked":"SignatureMove","not_picked":["JustLucky","BowlingBash"],"floor":7},{"picked":"Protect","not_picked":["FollowUp","CutThroughFate"],"floor":10},{"picked":"Swivel","not_picked":["Worship","Pray"],"floor":11},{"picked":"FlurryOfBlows","not_picked":["EmptyBody","EmptyFist"],"floor":13},{"picked":"LessonLearned","not_picked":["Crescendo","ClearTheMind"],"floor":14},{"picked":"Ragnarok","not_picked":["MasterReality","DevaForm"],"floor":16},{"picked":"FearNoEvil+1","not_picked":["Protect+1","Evaluate"],"floor":18},{"picked":"Consecrate+1","not_picked":["Perseverance","FearNoEvil"],"floor":19}],"event_choices":[{"event_name":"Golden Wing","player_choice":"Card Removal","floor":2,"cards_obtained":null,"cards_removed":["Strike_P"],"cards_transformed":null,"cards_upgraded":null,"relics_obtained":null,"potions_obtained":null,"relics_lost":null,"damage_taken":7,"damage_healed":0,"max_hp_loss":0,"max_hp_gain":0,"gold_gain":0,"gold_loss":0},{"event_name":"Big Fish","player_choice":"Donut","floor":3,"cards_obtained":null,"cards_removed":null,"cards_transformed":null,"cards_upgraded":null,"relics_obtained":null,"potions_obtained":null,"relics_lost":null,"damage_taken":0,"damage_healed":0,"max_hp_loss":0,"max_hp_gain":5,"gold_gain":0,"gold_loss":0},{"event_name":"Match and Keep!","player_choice":"1 cards matched","floor":4,"cards_obtained":["Madness"],"cards_removed":null,"cards_transformed":null,"cards_upgraded":null,"relics_obtained":null,"potions_obtained":null,"relics_lost":null,"damage_taken":0,"damage_healed":0,"max_hp_loss":0,"max_hp_gain":0,"gold_gain":0,"gold_loss":0},{"event_name":"Knowing Skull","player_choice":"POTION ","floor":22,"cards_obtained":[],"cards_removed":null,"cards_transformed":null,"cards_upgraded":null,"relics_obtained":null,"potions_obtained":["Regen Potion"],"relics_lost":null,"damage_taken":12,"damage_healed":0,"max_hp_loss":0,"max_hp_gain":0,"gold_gain":0,"gold_loss":0}],"boss_relics":[{"picked":"Calling Bell","not_picked":["Tiny House","Coffee Dripper"]}],"damage_taken":[{"floor":1,"enemies":"Jaw Worm","damage":0,"turns":1},{"floor":5,"enemies":"Small Slimes","damage":0,"turns":2},{"floor":7,"enemies":"Gremlin Nob","damage":0,"turns":1},{"floor":10,"enemies":"3 Sentries","damage":10,"turns":4},{"floor":11,"enemies":"Cultist","damage":0,"turns":1},{"floor":13,"enemies":"Lots of Slimes","damage":1,"turns":3},{"floor":14,"enemies":"Looter","damage":3,"turns":2},{"floor":16,"enemies":"Hexaghost","damage":41,"turns":11},{"floor":18,"enemies":"Spheric Guardian","damage":0,"turns":2},{"floor":19,"enemies":"3 Byrds","damage":0,"turns":5},{"floor":24,"enemies":"Book of Stabbing","damage":69,"turns":6}],"potions_obtained":[{"key":"Dexterity Potion","floor":10},{"key":"Fruit Juice","floor":11},{"key":"DistilledChaos","floor":13}],"relics_obtained":[{"key":"Tiny Chest","floor":7},{"key":"Matryoshka","floor":9},{"key":"Gremlin Horn","floor":10},{"key":"Oddly Smooth Stone","floor":17},{"key":"Shuriken","floor":17},{"key":"Ginger","floor":17},{"key":"Molten Egg 2","floor":20},{"key":"Whetstone","floor":20}],"campfire_choices":[{"floor":6,"key":"SMITH","data":"Eruption"},{"floor":12,"key":"SMITH","data":"Madness"},{"floor":15,"key":"SMITH","data":"Swivel"},{"floor":23,"key":"SMITH","data":"SignatureMove"}],"circlet_count":0,"win_rate":0,"killed_by":"Book of Stabbing"}