{"play_id":"1cd9958c-00f4-40d3-bcea-6fbff22da45b","build_version":"2020-01-27","seed_played":"3623651311754830284","chose_seed":false,"seed_source_timestamp":0,"is_daily":false,"special_seed":0,"is_trial":false,"is_endless":false,"is_ascension_mode":true,"ascension_level":12,"neow_bonus":"BOSS_RELIC","neow_cost":"NONE","is_beta":false,"is_prod":false,"victory":false,"floor_reached":16,"score":173,"timestamp":1711114428,"local_time":"03/22/2024 13:33:48","playtime":619,"player_experience":586200,"master_deck":["AscendersBane","Strike_P","Strike_P","Strike_P","Strike_P","Defend_P","Defend_P","Defend_P+1","Eruption+1","Vigilance","Consecrate+1","FearNoEvil","FollowUp","ClearTheMind","Parasite","FearNoEvil","Consecrate","LikeWater+1"],"relics":["Black Star","Bronze Scales","MawBank","Meat on the Bone","The Courier","Centennial Puzzle","White Beast Statue"],"gold":47,"campfire_rested":0,"campfire_upgraded":2,"purchased_purges":2,"potions_floor_spawned":[10,13,14],"potions_floor_usage":[],"current_hp_per_floor":[45,31,31,31,55,23,23,32,32,17,35,35,47,45,45,0],"max_hp_per_floor":[72,72,72,72,72,72,72,72,72,72,72,72,72,72,72,72],"gold_per_floor":[119,119,294,15,15,49,61,83,95,133,145,15,30,47,47,47],"path_per_floor":["M","?","?","$","?","E","R","M","T","E","?","$","M","M","R","B"],"path_taken":["M","?","?","$","?","E","R","?","T","E","?","$","M","M","R","BOSS"],"items_purchased":["Bronze Scales","AttackPotion","FearNoEvil"],"item_purchase_floors":[4,4,12],"items_purged":["Doubt","Defend_P"],"items_purged_floors":[4,12],"character_chosen":"WATCHER","card_choices":[{"picked":"Consecrate","not_picked":["JustLucky","Pray"],"floor":1},{"picked":"FearNoEvil","not_picked":["LessonLearned","DeceiveReality"],"floor":6},{"picked":"FollowUp","not_picked":["JustLucky","WreathOfFlame"],"floor":8},{"picked":"ClearTheMind","not_picked":["EmptyMind","EmptyFist"],"floor":10},{"picked":"Consecrate","not_picked":["Wireheading","FollowUp"],"floor":13},{"picked":"LikeWater","not_picked":["EmptyFist","SandsOfTime"],"floor":14}],"event_choices":[{"event_name":"Shining Light","player_choice":"Entered Light","floor":2,"cards_obtained":null,"cards_removed":null,"cards_transformed":null,"cards_upgraded":["Defend_P","Consecrate"],"relics_obtained":null,"potions_obtained":null,"relics_lost":null,"damage_taken":14,"damage_healed":0,"max_hp_loss":0,"max_hp_gain":0,"gold_gain":0,"gold_loss":0},{"event_name":"Liars Game","player_choice":"AGREE","floor":3,"cards_obtained":["Doubt"],"cards_removed":null,"cards_transformed":null,"cards_upgraded":null,"relics_obtained":null,"potions_obtained":null,"relics_lost":null,"damage_taken":0,"damage_healed":0,"max_hp_loss":0,"max_hp_gain":0,"gold_gain":175,"gold_loss":0},{"event_name":"Big Fish","player_choice":"Banana","floor":5,"cards_obtained":null,"cards_removed":null,"cards_transformed":null,"cards_upgraded":null,"relics_obtained":null,"potions_obtained":null,"relics_lost":null,"damage_taken":0,"damage_healed":24,"max_hp_loss":0,"max_hp_gain":0,"gold_gain":0,"gold_loss":0},{"event_name":"Mushrooms","player_choice":"Healed and dodged fight","floor":11,"cards_obtained":["Parasite"],"cards_removed":null,"cards_transformed":null,"cards_upgraded":null,"relics_obtained":null,"potions_obtained":null,"relics_lost":null,"damage_taken":0,"damage_healed":18,"max_hp_loss":0,"max_hp_gain":0,"gold_gain":0,"gold_loss":0}],"boss_relics":[],"damage_taken":[{"floor":1,"enemies":"Small Slimes","damage":20,"turns":2},{"floor":6,"enemies":"3 Sentries","damage":32,"turns":6},{"floor":8,"enemies":"2 Louse","damage":3,"turns":2},{"floor":10,"enemies":"Lagavulin","damage":27,"turns":5},{"floor":13,"enemies":"Jaw Worm","damage":0,"turns":1},{"floor":14,"enemies":"Exordium Thugs","damage":14,"turns":2},{"floor":16,"enemies":"Hexaghost","damage":47,"turns":9}],"potions_obtained":[{"key":"LiquidBronze","floor":10},{"key":"ColorlessPotion","floor":13}],"relics_obtained":[{"key":"MawBank","floor":6},{"key":"Meat on the Bone","floor":6},{"key":"The Courier","floor":9},{"key":"Centennial Puzzle","floor":10},{"key":"White Beast Statue","floor":10}],"campfire_choices":[{"floor":7,"key":"SMITH","data":"Eruption"},{"floor":15,"key":"SMITH","data":"LikeWater"}],"circlet_count":0,"win_rate":0,"killed_by":"Hexaghost"}