{"play_id":"3a83caa7-43ba-4644-8669-50cd60e7e831","build_version":"2020-01-27","seed_played":"2174071364102937795","chose_seed":false,"seed_source_timestamp":0,"is_daily":false,"special_seed":0,"is_trial":false,"is_endless":false,"is_ascension_mode":true,"ascension_level":13,"neow_bonus":"BOSS_RELIC","neow_cost":"NONE","is_beta":false,"is_prod":false,"victory":false,"floor_reached":24,"score":337,"timestamp":1714278470,"local_time":"04/28/2024 04:27:50","playtime":1191,"player_experience":630492,"master_deck":["AscendersBane","Strike_P+1","Strike_P","Strike_P+1","Defend_P+1","Defend_P","Eruption","Vigilance","PathToVictory","Sanctity","PathToVictory","Perseverance","Judgement+1","BowlingBash","Vault","Doubt","LessonLearned+1","ReachHeaven","Chrysalis+1"],"relics":["Tiny House","Orrery","Whetstone","Torii","Singing Bowl","Ectoplasm","Pen Nib"],"gold":14,"campfire_rested":1,"campfire_upgraded":2,"purchased_purges":2,"potions_floor_spawned":[4,12,16,18],"potions_floor_usage":[16],"current_hp_per_floor":[57,50,50,49,42,22,22,6,6,6,6,8,8,10,34,29,68,70,70,70,68,68,68,0],"max_hp_per_floor":[77,77,77,77,77,77,77,77,77,77,77,79,79,81,81,81,81,83,83,83,83,83,83,83],"gold_per_floor":[159,159,3,14,14,41,41,72,72,87,12,28,203,215,215,292,292,292,292,292,292,14,14,14],"path_per_floor":["M","?","$","M","?","E","R","E","T","M","$","M","?","M","R","B",null,"M","?","?","M","$","R","E"],"path_taken":["M","?","$","?","?","E","R","E","T","M","$","M","?","M","R","BOSS","M","?","?","?","$","R","E"],"items_purchased":["Orrery","Chrysalis"],"item_purchase_floors":[3,22],"items_purged":["Strike_P","Defend_P"],"items_purged_floors":[11,22],"character_chosen":"WATCHER","card_choices":[{"picked":"PathToVictory","not_picked":["FlurryOfBlows","Evaluate"],"floor":0},{"picked":"Sanctity","not_picked":["BattleHymn","Tantrum"],"floor":1},{"picked":"PathToVictory","not_picked":["CutThroughFate","BattleHymn"],"floor":3},{"picked":"Perseverance","not_picked":["JustLucky","ThirdEye"],"floor":3},{"picked":"Judgement","not_picked":["Conclude","SandsOfTime"],"floor":3},{"picked":"BowlingBash","not_picked":["Evaluate","EmptyBody"],"floor":3},{"picked":"SKIP","not_picked":["CrushJoints","Nirvana","Study"],"floor":4},{"picked":"SKIP","not_picked":["FollowUp","Alpha","Nirvana"],"floor":6},{"picked":"SKIP","not_picked":["BowlingBash","FlurryOfBlows","FlyingSleeves"],"floor":8},{"picked":"Vault","not_picked":["Evaluate","Protect"],"floor":10},{"picked":"Singing Bowl","not_picked":["EmptyBody","BowlingBash","TalkToTheHand"],"floor":12},{"picked":"Singing Bowl","not_picked":["Indignation","Protect","ThirdEye"],"floor":14},{"picked":"LessonLearned","not_picked":["Devotion","SpiritShield"],"floor":16},{"picked":"Singing Bowl","not_picked":["Nirvana","FlyingSleeves","BowlingBash"],"floor":18},{"picked":"ReachHeaven","not_picked":["Indignation","Crescendo"],"floor":21}],"event_choices":[{"event_name":"Wheel of Change","player_choice":"Damaged","floor":2,"cards_obtained":null,"cards_removed":null,"cards_transformed":null,"cards_upgraded":null,"relics_obtained":null,"potions_obtained":null,"relics_lost":null,"damage_taken":7,"damage_healed":0,"max_hp_loss":0,"max_hp_gain":0,"gold_gain":0,"gold_loss":0},{"event_name":"Golden Wing","player_choice":"Card Removal","floor":5,"cards_obtained":null,"cards_removed":["Defend_P"],"cards_transformed":null,"cards_upgraded":null,"relics_obtained":null,"potions_obtained":null,"relics_lost":null,"damage_taken":7,"damage_healed":0,"max_hp_loss":0,"max_hp_gain":0,"gold_gain":0,"gold_loss":0},{"event_name":"Liars Game","player_choice":"AGREE","floor":13,"cards_obtained":["Doubt"],"cards_removed":null,"cards_transformed":null,"cards_upgraded":null,"relics_obtained":null,"potions_obtained":null,"relics_lost":null,"damage_taken":0,"damage_healed":0,"max_hp_loss":0,"max_hp_gain":0,"gold_gain":175,"gold_loss":0},{"event_name":"Cursed Tome","player_choice":"Ignored","floor":19,"cards_obtained":null,"cards_removed":null,"cards_transformed":null,"cards_upgraded":null,"relics_obtained":null,"potions_obtained":null,"relics_lost":null,"damage_taken":0,"damage_healed":0,"max_hp_loss":0,"max_hp_gain":0,"gold_gain":0,"gold_loss":0},{"event_name":"WeMeetAgain","player_choice":"Gave Potion","floor":20,"cards_obtained":null,"cards_removed":null,"cards_transformed":null,"cards_upgraded":null,"relics_obtained":["Pen Nib"],"potions_obtained":null,"relics_lost":null,"damage_taken":0,"damage_healed":0,"max_hp_loss":0,"max_hp_gain":0,"gold_gain":0,"gold_loss":0}],"boss_relics":[{"picked":"Ectoplasm","not_picked":["Sozu","Black Star"]}],"damage_taken":[{"floor":1,"enemies":"Small Slimes","damage":13,"turns":5},{"floor":4,"enemies":"Cultist","damage":1,"turns":4},{"floor":6,"enemies":"Gremlin Nob","damage":20,"turns":3},{"floor":8,"enemies":"Lagavulin","damage":16,"turns":6},{"floor":10,"enemies":"2 Louse","damage":0,"turns":2},{"floor":12,"enemies":"Looter","damage":0,"turns":5},{"floor":14,"enemies":"Large Slime","damage":0,"turns":4},{"floor":16,"enemies":"Hexaghost","damage":5,"turns":10},{"floor":18,"enemies":"Spheric Guardian","damage":0,"turns":2},{"floor":21,"enemies":"3 Byrds","damage":2,"turns":4},{"floor":24,"enemies":"Book of Stabbing","damage":72,"turns":8}],"potions_obtained":[{"key":"Ambrosia","floor":0},{"key":"SpeedPotion","floor":4},{"key":"SkillPotion","floor":12},{"key":"Strength Potion","floor":16}],"relics_obtained":[{"key":"Whetstone","floor":6},{"key":"Torii","floor":8},{"key":"Singing Bowl","floor":9}],"campfire_choices":[{"floor":7,"key":"SMITH","data":"Judgement"},{"floor":15,"key":"REST"},{"floor":23,"key":"SMITH","data":"Chrysalis"}],"circlet_count":0,"win_rate":0,"killed_by":"Book of Stabbing"}