{"play_id":"8d03ce58-ffd4-4ddc-8ee2-fab815be4ff0","build_version":"2020-01-27","seed_played":"-3501129569497587222","chose_seed":false,"seed_source_timestamp":0,"is_daily":false,"special_seed":0,"is_trial":false,"is_endless":false,"is_ascension_mode":true,"ascension_level":13,"neow_bonus":"RANDOM_COMMON_RELIC","neow_cost":"NONE","is_beta":false,"is_prod":false,"victory":false,"floor_reached":50,"score":1082,"timestamp":1714132216,"local_time":"04/26/2024 11:50:16","playtime":2921,"player_experience":627571,"master_deck":["AscendersBane","Eruption+1","Vigilance+1","Pray+1","FearNoEvil+1","LikeWater","DeceiveReality","ThirdEye","FollowUp+1","Prostrate","Judgement","Prostrate+1","LessonLearned+1","FlurryOfBlows+1","Swivel","TalkToTheHand+1","Consecrate+1","Brilliance+1","Pray","WindmillStrike+1","EmptyFist+1","RitualDagger+1","ReachHeaven+1","Vault","Worship","Trip","TalkToTheHand+1"],"relics":["PureWater","MealTicket","Molten Egg 2","Centennial Puzzle","Blue Candle","Sling","Pandora's Box","Oddly Smooth Stone","HornCleat","Dream Catcher","Busted Crown","Pen Nib","Anchor","Omamori","White Beast Statue","Boot"],"gold":297,"campfire_rested":4,"campfire_upgraded":3,"purchased_purges":1,"potions_floor_spawned":[1,10,13,22,24,31,39,45,47,48],"potions_floor_usage":[40,50],"current_hp_per_floor":[61,61,72,71,71,71,69,37,37,24,13,28,28,46,46,37,63,54,69,69,72,72,72,49,43,43,33,15,38,38,26,48,44,67,52,71,71,60,33,12,34,49,49,42,27,27,27,19,41,0],"max_hp_per_floor":[72,72,72,72,72,72,72,72,72,72,72,72,72,72,72,72,72,72,72,72,72,72,72,72,72,72,77,77,77,74,74,74,74,74,74,74,74,74,74,74,74,74,74,74,74,74,74,74,74,74],"gold_per_floor":[110,110,40,54,66,66,36,67,67,99,174,19,37,37,37,114,114,132,51,51,51,64,64,92,92,92,110,139,139,139,151,151,228,228,244,244,244,254,274,302,302,135,183,208,221,255,268,297,297,297],"path_per_floor":["M","?","$","M","M","R","M","E","T","E","?","$","M","?","R","B","ul","M","$","?","$","M","R","E","?","T","M","E","R","?","M","R","B","ul","M","?","?","M","M","E","R","$","T","E","M","E","M","E","R","B"],"path_taken":["M","?","?","?","M","R","M","E","T","E","?","$","M","?","R","BOSS","M","$","?","$","M","R","E","?","T","M","E","R","?","?","R","BOSS","M","?","?","M","M","E","R","$","T","E","M","E","M","E","R","BOSS"],"items_purchased":["FearNoEvil","Sling","Pray","Trip"],"item_purchase_floors":[3,12,19,42],"items_purged":["Writhe"],"items_purged_floors":[42],"character_chosen":"WATCHER","card_choices":[{"picked":"Pray","not_picked":["MentalFortress","Protect"],"floor":1},{"picked":"SKIP","not_picked":["Indignation","BattleHymn","Consecrate"],"floor":4},{"picked":"LikeWater","not_picked":["Prostrate","FlurryOfBlows"],"floor":5},{"picked":"DeceiveReality","not_picked":["Conclude","EmptyBody"],"floor":7},{"picked":"ThirdEye","not_picked":["Halt","Establishment"],"floor":8},{"picked":"FollowUp+1","not_picked":["Prostrate","Alpha"],"floor":10},{"picked":"Prostrate","not_picked":["Indignation","Halt"],"floor":13},{"picked":"Judgement","not_picked":["SpiritShield","DevaForm"],"floor":16},{"picked":"SKIP","not_picked":["WreathOfFlame","BowlingBash+1","FearNoEvil+1"],"floor":18},{"picked":"SKIP","not_picked":["FollowUp+1","PathToVictory","FlurryOfBlows+1"],"floor":22},{"picked":"EmptyFist+1","not_picked":["Pray","Perseverance"],"floor":24},{"picked":"SKIP","not_picked":["CutThroughFate+1","FollowUp+1","ClearTheMind"],"floor":27},{"picked":"SKIP","not_picked":["FlurryOfBlows+1","JustLucky+1","ThirdEye"],"floor":28},{"picked":"ReachHeaven+1","not_picked":["EmptyBody","Meditate"],"floor":29},{"picked":"SKIP","not_picked":["ReachHeaven+1","Halt","Crescendo+1"],"floor":31},{"picked":"Vault","not_picked":["Ragnarok+1","Scrawl"],"floor":33},{"picked":"SKIP","not_picked":["BowlingBash+1"],"floor":35},{"picked":"SKIP","not_picked":["CrushJoints+1"],"floor":38},{"picked":"Worship","not_picked":[],"floor":39},{"picked":"SKIP","not_picked":["FollowUp+1"],"floor":40},{"picked":"SKIP","not_picked":["Tantrum+1"],"floor":44},{"picked":"SKIP","not_picked":["Wireheading"],"floor":45},{"picked":"TalkToTheHand+1","not_picked":[],"floor":46},{"picked":"SKIP","not_picked":["Prostrate"],"floor":47},{"picked":"SKIP","not_picked":["BowlingBash+1"],"floor":48}],"event_choices":[{"event_name":"Lab","player_choice":"Got Potions","floor":2,"cards_obtained":null,"cards_removed":null,"cards_transformed":null,"cards_upgraded":null,"relics_obtained":null,"potions_obtained":null,"relics_lost":null,"damage_taken":0,"damage_healed":0,"max_hp_loss":0,"max_hp_gain":0,"gold_gain":0,"gold_loss":0},{"event_name":"World of Goop","player_choice":"Gather Gold","floor":11,"cards_obtained":null,"cards_removed":null,"cards_transformed":null,"cards_upgraded":null,"relics_obtained":null,"potions_obtained":null,"relics_lost":null,"damage_taken":11,"damage_healed":0,"max_hp_loss":0,"max_hp_gain":0,"gold_gain":75,"gold_loss":0},{"event_name":"Mushrooms","player_choice":"Healed and dodged fight","floor":14,"cards_obtained":["Parasite"],"cards_removed":null,"cards_transformed":null,"cards_upgraded":null,"relics_obtained":null,"potions_obtained":null,"relics_lost":null,"damage_taken":0,"damage_healed":18,"max_hp_loss":0,"max_hp_gain":0,"gold_gain":0,"gold_loss":0},{"event_name":"The Library","player_choice":"Read","floor":20,"cards_obtained":["WindmillStrike"],"cards_removed":null,"cards_transformed":null,"cards_upgraded":null,"relics_obtained":null,"potions_obtained":null,"relics_lost":null,"damage_taken":0,"damage_healed":0,"max_hp_loss":0,"max_hp_gain":0,"gold_gain":0,"gold_loss":0},{"event_name":"Nest","player_choice":"Joined the Cult","floor":25,"cards_obtained":["RitualDagger"],"cards_removed":null,"cards_transformed":null,"cards_upgraded":null,"relics_obtained":null,"potions_obtained":null,"relics_lost":null,"damage_taken":6,"damage_healed":0,"max_hp_loss":0,"max_hp_gain":0,"gold_gain":0,"gold_loss":0},{"event_name":"Fountain of Cleansing","player_choice":"Removed Curses","floor":30,"cards_obtained":null,"cards_removed":["Parasite"],"cards_transformed":null,"cards_upgraded":null,"relics_obtained":null,"potions_obtained":null,"relics_lost":null,"damage_taken":0,"damage_healed":0,"max_hp_loss":0,"max_hp_gain":0,"gold_gain":0,"gold_loss":0},{"event_name":"Winding Halls","player_choice":"Writhe","floor":36,"cards_obtained":["Writhe"],"cards_removed":null,"cards_transformed":null,"cards_upgraded":null,"relics_obtained":null,"potions_obtained":null,"relics_lost":null,"damage_taken":0,"damage_healed":19,"max_hp_loss":0,"max_hp_gain":0,"gold_gain":0,"gold_loss":0},{"event_name":"Falling","player_choice":"Removed Skill","floor":37,"cards_obtained":null,"cards_removed":["WaveOfTheHand"],"cards_transformed":null,"cards_upgraded":null,"relics_obtained":null,"potions_obtained":null,"relics_lost":null,"damage_taken":0,"damage_healed":0,"max_hp_loss":0,"max_hp_gain":0,"gold_gain":0,"gold_loss":0}],"boss_relics":[{"picked":"Pandora's Box","not_picked":["VioletLotus","SacredBark"]},{"picked":"Busted Crown","not_picked":["Cursed Key","Velvet Choker"]}],"damage_taken":[{"floor":1,"enemies":"Small Slimes","damage":4,"turns":4},{"floor":4,"enemies":"Cultist","damage":1,"turns":3},{"floor":5,"enemies":"2 Louse","damage":0,"turns":1},{"floor":7,"enemies":"Looter","damage":2,"turns":4},{"floor":8,"enemies":"Lagavulin","damage":32,"turns":9},{"floor":10,"enemies":"3 Sentries","damage":13,"turns":7},{"floor":13,"enemies":"Large Slime","damage":0,"turns":5},{"floor":16,"enemies":"The Guardian","damage":9,"turns":15},{"floor":18,"enemies":"2 Thieves","damage":9,"turns":3},{"floor":22,"enemies":"Shell Parasite","damage":0,"turns":3},{"floor":24,"enemies":"Gremlin Leader","damage":23,"turns":5},{"floor":27,"enemies":"Snake Plant","damage":15,"turns":4},{"floor":28,"enemies":"Book of Stabbing","damage":18,"turns":4},{"floor":31,"enemies":"Shelled Parasite and Fungi","damage":12,"turns":6},{"floor":33,"enemies":"Collector","damage":4,"turns":5},{"floor":35,"enemies":"3 Shapes","damage":15,"turns":3},{"floor":38,"enemies":"3 Darklings","damage":11,"turns":5},{"floor":39,"enemies":"4 Shapes","damage":27,"turns":8},{"floor":40,"enemies":"Reptomancer","damage":21,"turns":5},{"floor":44,"enemies":"Nemesis","damage":7,"turns":6},{"floor":45,"enemies":"Spire Growth","damage":15,"turns":5},{"floor":46,"enemies":"Giant Head","damage":0,"turns":6},{"floor":47,"enemies":"Maw","damage":0,"turns":6},{"floor":48,"enemies":"Nemesis","damage":8,"turns":6},{"floor":50,"enemies":"Time Eater","damage":48,"turns":6}],"potions_obtained":[{"key":"SpeedPotion","floor":1},{"key":"SkillPotion","floor":2},{"key":"Fire Potion","floor":10},{"key":"Fire Potion","floor":13},{"key":"ColorlessPotion","floor":22},{"key":"Fruit Juice","floor":24},{"key":"Block Potion","floor":31},{"key":"BottledMiracle","floor":39},{"key":"Ancient Potion","floor":45},{"key":"BottledMiracle","floor":47}],"relics_obtained":[{"key":"Molten Egg 2","floor":8},{"key":"Centennial Puzzle","floor":9},{"key":"Blue Candle","floor":10},{"key":"Oddly Smooth Stone","floor":24},{"key":"HornCleat","floor":26},{"key":"Dream Catcher","floor":28},{"key":"Pen Nib","floor":40},{"key":"Anchor","floor":43},{"key":"Omamori","floor":44},{"key":"White Beast Statue","floor":46},{"key":"Boot","floor":48}],"campfire_choices":[{"floor":6,"key":"SMITH","data":"Eruption"},{"floor":15,"key":"SMITH","data":"Pray"},{"floor":23,"key":"SMITH","data":"FearNoEvil"},{"floor":29,"key":"REST"},{"floor":32,"key":"REST"},{"floor":41,"key":"REST"},{"floor":49,"key":"REST"}],"circlet_count":0,"win_rate":0,"killed_by":"Time Eater"}