{"play_id":"9141537b-6ce0-4164-a469-9cdc2c02bb84","build_version":"2020-01-27","seed_played":"-8257987600992546316","chose_seed":false,"seed_source_timestamp":0,"is_daily":false,"special_seed":0,"is_trial":false,"is_endless":false,"is_ascension_mode":true,"ascension_level":13,"neow_bonus":"TWO_FIFTY_GOLD","neow_cost":"TEN_PERCENT_HP_LOSS","is_beta":false,"is_prod":false,"victory":false,"floor_reached":16,"score":162,"timestamp":1715139427,"local_time":"05/08/2024 03:37:07","playtime":381,"player_experience":632787,"master_deck":["AscendersBane","Strike_P","Strike_P","Strike_P","Defend_P","Defend_P","Eruption+1","Vigilance","Wallop","Swivel+1","Perseverance+1","Wallop","Conclude","SashWhip+1"],"relics":["PureWater","Happy Flower","Orrery","Regal Pillow","Anchor"],"gold":306,"campfire_rested":0,"campfire_upgraded":4,"purchased_purges":1,"potions_floor_spawned":[1,11],"potions_floor_usage":[16],"current_hp_per_floor":[65,65,54,52,52,52,52,52,52,52,33,33,33,33,33,0],"max_hp_per_floor":[65,65,65,65,65,65,65,65,65,65,65,65,65,65,65,65],"gold_per_floor":[362,362,437,450,226,226,226,226,249,249,276,291,291,306,306,306],"path_per_floor":["M","T","?","M","$","R","?","R","T","R","E","M","?","M","R","B"],"path_taken":["M","?","?","M","?","R","?","R","T","R","E","?","?","?","R","BOSS"],"items_purchased":["Orrery"],"item_purchase_floors":[5],"items_purged":["Strike_P"],"items_purged_floors":[5],"character_chosen":"WATCHER","card_choices":[{"picked":"Wallop","not_picked":["SashWhip","InnerPeace"],"floor":1},{"picked":"SKIP","not_picked":["Vengeance","Study","EmptyFist"],"floor":4},{"picked":"Swivel","not_picked":["FlurryOfBlows","JustLucky"],"floor":5},{"picked":"Perseverance","not_picked":["Halt","Study"],"floor":5},{"picked":"Wallop","not_picked":["WindmillStrike","CutThroughFate"],"floor":5},{"picked":"Conclude","not_picked":["ThirdEye","Brilliance"],"floor":5},{"picked":"SKIP","not_picked":["Pray","Sanctity","Study"],"floor":11},{"picked":"SashWhip","not_picked":["EmptyBody","Evaluate"],"floor":12},{"picked":"SKIP","not_picked":["JustLucky","Halt","EmptyFist"],"floor":14}],"event_choices":[{"event_name":"World of Goop","player_choice":"Gather Gold","floor":3,"cards_obtained":null,"cards_removed":null,"cards_transformed":null,"cards_upgraded":null,"relics_obtained":null,"potions_obtained":null,"relics_lost":null,"damage_taken":11,"damage_healed":0,"max_hp_loss":0,"max_hp_gain":0,"gold_gain":75,"gold_loss":0},{"event_name":"Living Wall","player_choice":"Forget","floor":7,"cards_obtained":null,"cards_removed":["Defend_P"],"cards_transformed":null,"cards_upgraded":null,"relics_obtained":null,"potions_obtained":null,"relics_lost":null,"damage_taken":0,"damage_healed":0,"max_hp_loss":0,"max_hp_gain":0,"gold_gain":0,"gold_loss":0},{"event_name":"Wheel of Change","player_choice":"Card Removal","floor":13,"cards_obtained":null,"cards_removed":["Defend_P"],"cards_transformed":null,"cards_upgraded":null,"relics_obtained":null,"potions_obtained":null,"relics_lost":null,"damage_taken":0,"damage_healed":0,"max_hp_loss":0,"max_hp_gain":0,"gold_gain":0,"gold_loss":0}],"boss_relics":[],"damage_taken":[{"floor":1,"enemies":"Cultist","damage":0,"turns":4},{"floor":4,"enemies":"Jaw Worm","damage":2,"turns":3},{"floor":11,"enemies":"Lagavulin","damage":19,"turns":7},{"floor":12,"enemies":"2 Louse","damage":0,"turns":2},{"floor":14,"enemies":"2 Fungi Beasts","damage":0,"turns":2},{"floor":16,"enemies":"The Guardian","damage":44,"turns":5}],"potions_obtained":[{"key":"SpeedPotion","floor":1},{"key":"LiquidBronze","floor":11}],"relics_obtained":[{"key":"Happy Flower","floor":2},{"key":"Regal Pillow","floor":9},{"key":"Anchor","floor":11}],"campfire_choices":[{"floor":6,"key":"SMITH","data":"Eruption"},{"floor":8,"key":"SMITH","data":"Perseverance"},{"floor":10,"key":"SMITH","data":"Swivel"},{"floor":15,"key":"SMITH","data":"SashWhip"}],"circlet_count":0,"win_rate":0,"killed_by":"The Guardian"}