{"play_id":"7a9a48c0-d8ef-469e-b24a-620d01f15471","build_version":"2020-01-27","seed_played":"-5336824480394175914","chose_seed":false,"seed_source_timestamp":0,"is_daily":false,"special_seed":0,"is_trial":false,"is_endless":false,"is_ascension_mode":true,"ascension_level":13,"neow_bonus":"THREE_RARE_CARDS","neow_cost":"NO_GOLD","is_beta":false,"is_prod":false,"victory":false,"floor_reached":10,"score":112,"timestamp":1715282768,"local_time":"05/09/2024 19:26:08","playtime":456,"player_experience":633168,"master_deck":["AscendersBane","Strike_P","Strike_P","Strike_P","Strike_P","Defend_P","Defend_P","Defend_P","Eruption","Vigilance","Vault","PathToVictory","Perseverance","Devotion","PathToVictory","Pray"],"relics":["PureWater","Art of War","Boot"],"gold":10,"campfire_rested":0,"campfire_upgraded":0,"purchased_purges":1,"potions_floor_spawned":[1,5,6],"potions_floor_usage":[10],"current_hp_per_floor":[58,58,58,50,42,9,9,9,9,0],"max_hp_per_floor":[72,72,72,72,72,72,72,72,72,72],"gold_per_floor":[15,27,27,37,56,85,10,10,10,10],"path_per_floor":["M","M","?","M","M","E","$","?","T","E"],"path_taken":["M","M","?","M","?","E","?","?","T","E"],"items_purchased":[],"item_purchase_floors":[],"items_purged":["Defend_P"],"items_purged_floors":[7],"character_chosen":"WATCHER","card_choices":[{"picked":"Vault","not_picked":["Devotion","DeusExMachina"],"floor":0},{"picked":"PathToVictory","not_picked":["Weave","CrushJoints"],"floor":1},{"picked":"Perseverance","not_picked":["Prostrate","ForeignInfluence"],"floor":2},{"picked":"SKIP","not_picked":["FlyingSleeves","BowlingBash","EmptyBody"],"floor":4},{"picked":"PathToVictory","not_picked":["MentalFortress","ClearTheMind"],"floor":5},{"picked":"Pray","not_picked":["Tantrum","BowlingBash"],"floor":6}],"event_choices":[{"event_name":"Match and Keep!","player_choice":"1 cards matched","floor":3,"cards_obtained":["Devotion"],"cards_removed":null,"cards_transformed":null,"cards_upgraded":null,"relics_obtained":null,"potions_obtained":null,"relics_lost":null,"damage_taken":0,"damage_healed":0,"max_hp_loss":0,"max_hp_gain":0,"gold_gain":0,"gold_loss":0},{"event_name":"Scrap Ooze","player_choice":"Fled","floor":8,"cards_obtained":null,"cards_removed":null,"cards_transformed":null,"cards_upgraded":null,"relics_obtained":null,"potions_obtained":null,"relics_lost":null,"damage_taken":0,"damage_healed":0,"max_hp_loss":0,"max_hp_gain":0,"gold_gain":0,"gold_loss":0}],"boss_relics":[],"damage_taken":[{"floor":1,"enemies":"2 Louse","damage":7,"turns":2},{"floor":2,"enemies":"Cultist","damage":0,"turns":5},{"floor":4,"enemies":"Jaw Worm","damage":8,"turns":4},{"floor":5,"enemies":"3 Louse","damage":8,"turns":7},{"floor":6,"enemies":"Lagavulin","damage":33,"turns":8},{"floor":10,"enemies":"3 Sentries","damage":23,"turns":5}],"potions_obtained":[{"key":"BottledMiracle","floor":1},{"key":"FearPotion","floor":5},{"key":"Explosive Potion","floor":6}],"relics_obtained":[{"key":"Art of War","floor":6},{"key":"Boot","floor":9}],"campfire_choices":[],"circlet_count":0,"win_rate":0,"killed_by":"3 Sentries"}