{"play_id":"e0f5417c-4402-441f-9eba-a6a3821bb1af","build_version":"2020-01-27","seed_played":"-4428749916395980335","chose_seed":false,"seed_source_timestamp":0,"is_daily":false,"special_seed":0,"is_trial":false,"is_endless":false,"is_ascension_mode":true,"ascension_level":13,"neow_bonus":"BOSS_RELIC","neow_cost":"NONE","is_beta":false,"is_prod":false,"victory":false,"floor_reached":8,"score":76,"timestamp":1716491912,"local_time":"05/23/2024 19:18:32","playtime":279,"player_experience":634399,"master_deck":["AscendersBane","Strike_P","Strike_P","Strike_P","Defend_P","Defend_P","Defend_P","Defend_P","Eruption","Vigilance","CutThroughFate","Adaptation+1","FollowUp","WreathOfFlame"],"relics":["SlaversCollar","Unceasing Top"],"gold":72,"campfire_rested":0,"campfire_upgraded":1,"purchased_purges":0,"potions_floor_spawned":[1,5,7],"potions_floor_usage":[8],"current_hp_per_floor":[57,54,47,47,37,37,22,0],"max_hp_per_floor":[72,72,72,72,72,72,72,72],"gold_per_floor":[117,117,117,49,59,59,72,72],"path_per_floor":["M","?","?","$","M","R","M","M"],"path_taken":["M","?","?","?","M","R","M","M"],"items_purchased":["Adaptation"],"item_purchase_floors":[4],"items_purged":[],"items_purged_floors":[],"character_chosen":"WATCHER","card_choices":[{"picked":"CutThroughFate","not_picked":["ForeignInfluence","Crescendo"],"floor":1},{"picked":"FollowUp","not_picked":["Pray","JustLucky"],"floor":5},{"picked":"WreathOfFlame","not_picked":["BattleHymn","Study"],"floor":7}],"event_choices":[{"event_name":"Scrap Ooze","player_choice":"Success","floor":2,"cards_obtained":null,"cards_removed":null,"cards_transformed":null,"cards_upgraded":null,"relics_obtained":["Unceasing Top"],"potions_obtained":null,"relics_lost":null,"damage_taken":3,"damage_healed":0,"max_hp_loss":0,"max_hp_gain":0,"gold_gain":0,"gold_loss":0},{"event_name":"Golden Wing","player_choice":"Card Removal","floor":3,"cards_obtained":null,"cards_removed":["Strike_P"],"cards_transformed":null,"cards_upgraded":null,"relics_obtained":null,"potions_obtained":null,"relics_lost":null,"damage_taken":7,"damage_healed":0,"max_hp_loss":0,"max_hp_gain":0,"gold_gain":0,"gold_loss":0}],"boss_relics":[],"damage_taken":[{"floor":1,"enemies":"2 Louse","damage":8,"turns":4},{"floor":5,"enemies":"Jaw Worm","damage":10,"turns":4},{"floor":7,"enemies":"Small Slimes","damage":15,"turns":4},{"floor":8,"enemies":"Gremlin Gang","damage":23,"turns":2}],"potions_obtained":[{"key":"Block Potion","floor":1},{"key":"BlessingOfTheForge","floor":5}],"relics_obtained":[],"campfire_choices":[{"floor":6,"key":"SMITH","data":"Adaptation"}],"circlet_count":0,"win_rate":0,"killed_by":"Gremlin Gang"}