{"play_id":"0df3b556-97fa-4dce-940b-e63818d14d70","build_version":"2020-01-27","seed_played":"-5466307739334438919","chose_seed":false,"seed_source_timestamp":1392091408390,"is_daily":false,"special_seed":null,"is_trial":false,"is_endless":false,"is_ascension_mode":true,"ascension_level":13,"neow_bonus":"THREE_ENEMY_KILL","neow_cost":"NONE","is_beta":false,"is_prod":false,"victory":false,"floor_reached":22,"score":345,"timestamp":1716862415,"local_time":"05/28/2024 02:13:35","playtime":940,"player_experience":634678,"master_deck":["AscendersBane","Strike_P+1","Strike_P","Strike_P+1","Defend_P","Defend_P+1","Defend_P+1","Eruption+1","Vigilance","Consecrate+1","LessonLearned+1","WindmillStrike+1","Wallop+1","LikeWater+1","Establishment","FlurryOfBlows+1","RitualDagger"],"relics":["PureWater","NeowsBlessing","Potion Belt","Lantern","Runic Pyramid"],"gold":474,"campfire_rested":0,"campfire_upgraded":5,"purchased_purges":0,"potions_floor_spawned":[1,4,14,16],"potions_floor_usage":[12,12,16,22],"current_hp_per_floor":[65,65,65,65,65,65,65,65,65,65,65,44,44,33,33,21,59,31,25,25,5,0],"max_hp_per_floor":[72,72,72,72,72,72,72,72,72,72,72,72,72,72,72,72,72,72,72,72,72,72],"gold_per_floor":[112,35,35,53,53,53,67,67,112,112,129,162,162,175,175,247,247,261,261,461,474,474],"path_per_floor":["M","$","?","M","?","R","M","R","T","R","M","E","R","M","R","B",null,"M","?","?","M","M"],"path_taken":["M","$","?","M","?","R","M","R","T","R","?","E","R","M","R","BOSS","M","?","?","M","?"],"items_purchased":["LessonLearned"],"item_purchase_floors":[2],"items_purged":[],"items_purged_floors":[],"character_chosen":"WATCHER","card_choices":[{"picked":"Consecrate","not_picked":["Fasting2","Swivel"],"floor":1},{"picked":"SKIP","not_picked":["EmptyFist","Protect","CutThroughFate"],"floor":4},{"picked":"WindmillStrike","not_picked":["Study","Protect"],"floor":7},{"picked":"Wallop","not_picked":["SignatureMove","EmptyFist"],"floor":11},{"picked":"LikeWater","not_picked":["Swivel","EmptyMind"],"floor":12},{"picked":"SKIP","not_picked":["SashWhip","FlyingSleeves","CarveReality"],"floor":14},{"picked":"Establishment","not_picked":["DevaForm","DeusExMachina"],"floor":16},{"picked":"FlurryOfBlows+1","not_picked":["LikeWater","JustLucky"],"floor":18},{"picked":"SKIP","not_picked":["Pray+1","Halt","Perseverance"],"floor":21}],"event_choices":[{"event_name":"Living Wall","player_choice":"Forget","floor":3,"cards_obtained":null,"cards_removed":["Defend_P"],"cards_transformed":null,"cards_upgraded":null,"relics_obtained":null,"potions_obtained":null,"relics_lost":null,"damage_taken":0,"damage_healed":0,"max_hp_loss":0,"max_hp_gain":0,"gold_gain":0,"gold_loss":0},{"event_name":"Bonfire Elementals","player_choice":"Offered Basic","floor":5,"cards_obtained":null,"cards_removed":["Strike_P"],"cards_transformed":null,"cards_upgraded":null,"relics_obtained":null,"potions_obtained":null,"relics_lost":null,"damage_taken":0,"damage_healed":0,"max_hp_loss":0,"max_hp_gain":0,"gold_gain":0,"gold_loss":0},{"event_name":"Nest","player_choice":"Joined the Cult","floor":19,"cards_obtained":["RitualDagger"],"cards_removed":null,"cards_transformed":null,"cards_upgraded":null,"relics_obtained":null,"potions_obtained":null,"relics_lost":null,"damage_taken":6,"damage_healed":0,"max_hp_loss":0,"max_hp_gain":0,"gold_gain":0,"gold_loss":0},{"event_name":"The Joust","player_choice":"Bet on Owner","floor":20,"cards_obtained":null,"cards_removed":null,"cards_transformed":null,"cards_upgraded":null,"relics_obtained":null,"potions_obtained":null,"relics_lost":null,"damage_taken":0,"damage_healed":0,"max_hp_loss":0,"max_hp_gain":0,"gold_gain":250,"gold_loss":50}],"boss_relics":[{"picked":"Runic Pyramid","not_picked":["SacredBark","Tiny House"]}],"damage_taken":[{"floor":1,"enemies":"2 Louse","damage":0,"turns":1},{"floor":4,"enemies":"Cultist","damage":0,"turns":1},{"floor":7,"enemies":"Small Slimes","damage":0,"turns":2},{"floor":11,"enemies":"Looter","damage":0,"turns":2},{"floor":12,"enemies":"Lagavulin","damage":21,"turns":5},{"floor":14,"enemies":"Lots of Slimes","damage":11,"turns":3},{"floor":16,"enemies":"The Guardian","damage":12,"turns":12},{"floor":18,"enemies":"Shell Parasite","damage":28,"turns":3},{"floor":21,"enemies":"3 Byrds","damage":20,"turns":5},{"floor":22,"enemies":"Snecko","damage":12,"turns":3}],"potions_obtained":[{"key":"ColorlessPotion","floor":1},{"key":"PowerPotion","floor":4},{"key":"EssenceOfSteel","floor":14},{"key":"CultistPotion","floor":16}],"relics_obtained":[{"key":"Potion Belt","floor":9},{"key":"Lantern","floor":12}],"campfire_choices":[{"floor":6,"key":"SMITH","data":"LessonLearned"},{"floor":8,"key":"SMITH","data":"WindmillStrike"},{"floor":10,"key":"SMITH","data":"Eruption"},{"floor":13,"key":"SMITH","data":"LikeWater"},{"floor":15,"key":"SMITH","data":"Wallop"}],"circlet_count":0,"win_rate":0,"killed_by":"Snecko"}