{"play_id":"d8b7d808-86ec-4c55-bdde-905b3ff65087","build_version":"2020-01-27","seed_played":"-8046673792431423765","chose_seed":false,"seed_source_timestamp":1995841009750,"is_daily":false,"special_seed":null,"is_trial":false,"is_endless":false,"is_ascension_mode":true,"ascension_level":13,"neow_bonus":"TEN_PERCENT_HP_BONUS","neow_cost":"NONE","is_beta":false,"is_prod":false,"victory":false,"floor_reached":8,"score":92,"timestamp":1717025119,"local_time":"05/29/2024 23:25:19","playtime":445,"player_experience":635781,"master_deck":["AscendersBane","Strike_P","Strike_P","Strike_P","Defend_P","Defend_P","Defend_P","Eruption","Vigilance","WindmillStrike","FollowUp","FearNoEvil","Prostrate"],"relics":["PureWater","MawBank"],"gold":171,"campfire_rested":0,"campfire_upgraded":0,"purchased_purges":1,"potions_floor_spawned":[5],"potions_floor_usage":[],"current_hp_per_floor":[72,72,61,54,51,27,15,0],"max_hp_per_floor":[79,79,79,79,79,79,79,79],"gold_per_floor":[114,14,89,89,99,134,159,171],"path_per_floor":["M","$","?","?","M","E","M","E"],"path_taken":["M","?","?","?","?","E","M","E"],"items_purchased":["FollowUp"],"item_purchase_floors":[2],"items_purged":["Strike_P"],"items_purged_floors":[2],"character_chosen":"WATCHER","card_choices":[{"picked":"WindmillStrike","not_picked":["FlurryOfBlows","LikeWater"],"floor":1},{"picked":"FearNoEvil","not_picked":["CarveReality","EmptyFist"],"floor":5},{"picked":"SKIP","not_picked":["Sanctity","Meditate","EmptyMind"],"floor":6},{"picked":"Prostrate","not_picked":["SignatureMove","SashWhip"],"floor":7}],"event_choices":[{"event_name":"World of Goop","player_choice":"Gather Gold","floor":3,"cards_obtained":null,"cards_removed":null,"cards_transformed":null,"cards_upgraded":null,"relics_obtained":null,"potions_obtained":null,"relics_lost":null,"damage_taken":11,"damage_healed":0,"max_hp_loss":0,"max_hp_gain":0,"gold_gain":75,"gold_loss":0},{"event_name":"Golden Wing","player_choice":"Card Removal","floor":4,"cards_obtained":null,"cards_removed":["Defend_P"],"cards_transformed":null,"cards_upgraded":null,"relics_obtained":null,"potions_obtained":null,"relics_lost":null,"damage_taken":7,"damage_healed":0,"max_hp_loss":0,"max_hp_gain":0,"gold_gain":0,"gold_loss":0}],"boss_relics":[],"damage_taken":[{"floor":1,"enemies":"Cultist","damage":0,"turns":3},{"floor":5,"enemies":"2 Louse","damage":3,"turns":3},{"floor":6,"enemies":"3 Sentries","damage":24,"turns":8},{"floor":7,"enemies":"Jaw Worm","damage":12,"turns":2},{"floor":8,"enemies":"Gremlin Nob","damage":18,"turns":2}],"potions_obtained":[{"key":"EssenceOfSteel","floor":5}],"relics_obtained":[{"key":"MawBank","floor":6}],"campfire_choices":[],"circlet_count":0,"win_rate":0,"killed_by":"Gremlin Nob"}