{"play_id":"1ca21c0c-a04e-40f8-a3ac-80bff33ff15b","build_version":"2020-01-27","seed_played":"8156554874697889472","chose_seed":false,"seed_source_timestamp":0,"is_daily":false,"special_seed":0,"is_trial":false,"is_endless":false,"is_ascension_mode":true,"ascension_level":13,"neow_bonus":"THREE_ENEMY_KILL","neow_cost":"NONE","is_beta":false,"is_prod":false,"victory":false,"floor_reached":30,"score":429,"timestamp":1717255484,"local_time":"06/01/2024 15:24:44","playtime":1358,"player_experience":636226,"master_deck":["AscendersBane","Defend_P","Defend_P","Eruption","Vigilance","BattleHymn","Worship+1","PathToVictory+1","Protect","ForeignInfluence","Wallop","Devotion","Prostrate","CutThroughFate","Pray","ReachHeaven"],"relics":["PureWater","NeowsBlessing","Oddly Smooth Stone","Peace Pipe","Sundial","Centennial Puzzle","White Beast Statue","Damaru","Empty Cage","Smiling Mask","Blood Vial","Orichalcum"],"gold":391,"campfire_rested":1,"campfire_upgraded":0,"purchased_purges":1,"potions_floor_spawned":[1,2,12,14,16,18,19,23,25,27,28],"potions_floor_usage":[16,16,19,25,27,28],"current_hp_per_floor":[65,65,65,65,53,40,26,2,2,2,23,12,12,12,12,7,56,44,44,44,44,68,45,45,35,35,37,39,39,0],"max_hp_per_floor":[72,72,72,72,72,72,72,72,72,72,72,72,72,72,72,72,72,72,72,72,72,72,72,72,72,72,72,72,72,72],"gold_per_floor":[112,126,139,15,15,49,49,65,65,114,114,140,140,151,151,225,225,245,265,265,265,265,292,292,306,358,377,391,391,391],"path_per_floor":["M","M","M","$","?","E","?","M","T","T","R","E","?","M","R","B",null,"M","M","?","?","?","E","R","M","T","M","M","R","E"],"path_taken":["M","M","M","$","?","E","?","M","T","?","R","E","?","M","R","BOSS","M","?","?","?","?","E","R","M","T","M","?","R","E"],"items_purchased":["Protect"],"item_purchase_floors":[4],"items_purged":["Strike_P"],"items_purged_floors":[4],"character_chosen":"WATCHER","card_choices":[{"picked":"BattleHymn","not_picked":["Evaluate","Weave"],"floor":1},{"picked":"Worship","not_picked":["SandsOfTime","Adaptation"],"floor":2},{"picked":"PathToVictory","not_picked":["FlyingSleeves","ThirdEye"],"floor":3},{"picked":"ForeignInfluence","not_picked":["Collect","Conclude"],"floor":6},{"picked":"SKIP","not_picked":["SashWhip","Vengeance","Wireheading"],"floor":8},{"picked":"Wallop","not_picked":["EmptyBody","Halt"],"floor":12},{"picked":"SKIP","not_picked":["SandsOfTime","Alpha","Crescendo"],"floor":14},{"picked":"Devotion","not_picked":["Establishment","Ragnarok"],"floor":16},{"picked":"Prostrate","not_picked":["ThirdEye","CutThroughFate"],"floor":18},{"picked":"SKIP","not_picked":["FlyingSleeves+1","Crescendo","Consecrate+1"],"floor":19},{"picked":"CutThroughFate","not_picked":["WreathOfFlame","Judgement"],"floor":23},{"picked":"Pray","not_picked":["Swivel","FollowUp+1"],"floor":25},{"picked":"SKIP","not_picked":["WindmillStrike","Evaluate","EmptyBody"],"floor":27},{"picked":"ReachHeaven","not_picked":["ClearTheMind","Prostrate"],"floor":28}],"event_choices":[{"event_name":"Scrap Ooze","player_choice":"Success","floor":5,"cards_obtained":null,"cards_removed":null,"cards_transformed":null,"cards_upgraded":null,"relics_obtained":["Oddly Smooth Stone"],"potions_obtained":null,"relics_lost":null,"damage_taken":12,"damage_healed":0,"max_hp_loss":0,"max_hp_gain":0,"gold_gain":0,"gold_loss":0},{"event_name":"Shining Light","player_choice":"Entered Light","floor":7,"cards_obtained":null,"cards_removed":null,"cards_transformed":null,"cards_upgraded":["Worship","PathToVictory"],"relics_obtained":null,"potions_obtained":null,"relics_lost":null,"damage_taken":14,"damage_healed":0,"max_hp_loss":0,"max_hp_gain":0,"gold_gain":0,"gold_loss":0},{"event_name":"Wheel of Change","player_choice":"Relic","floor":13,"cards_obtained":null,"cards_removed":null,"cards_transformed":null,"cards_upgraded":null,"relics_obtained":null,"potions_obtained":null,"relics_lost":null,"damage_taken":0,"damage_healed":0,"max_hp_loss":0,"max_hp_gain":0,"gold_gain":0,"gold_loss":0},{"event_name":"The Mausoleum","player_choice":"Opened","floor":20,"cards_obtained":null,"cards_removed":null,"cards_transformed":null,"cards_upgraded":null,"relics_obtained":["Smiling Mask"],"potions_obtained":null,"relics_lost":null,"damage_taken":0,"damage_healed":0,"max_hp_loss":0,"max_hp_gain":0,"gold_gain":0,"gold_loss":0},{"event_name":"Ghosts","player_choice":"Ignored","floor":21,"cards_obtained":null,"cards_removed":null,"cards_transformed":null,"cards_upgraded":null,"relics_obtained":null,"potions_obtained":null,"relics_lost":null,"damage_taken":0,"damage_healed":0,"max_hp_loss":0,"max_hp_gain":0,"gold_gain":0,"gold_loss":0},{"event_name":"The Library","player_choice":"Heal","floor":22,"cards_obtained":null,"cards_removed":null,"cards_transformed":null,"cards_upgraded":null,"relics_obtained":null,"potions_obtained":null,"relics_lost":null,"damage_taken":0,"damage_healed":24,"max_hp_loss":0,"max_hp_gain":0,"gold_gain":0,"gold_loss":0}],"boss_relics":[{"picked":"Empty Cage","not_picked":["Ectoplasm","SacredBark"]}],"damage_taken":[{"floor":1,"enemies":"Small Slimes","damage":0,"turns":1},{"floor":2,"enemies":"Jaw Worm","damage":0,"turns":1},{"floor":3,"enemies":"2 Louse","damage":0,"turns":1},{"floor":6,"enemies":"3 Sentries","damage":13,"turns":6},{"floor":8,"enemies":"Lots of Slimes","damage":24,"turns":6},{"floor":12,"enemies":"Lagavulin","damage":11,"turns":5},{"floor":14,"enemies":"Blue Slaver","damage":0,"turns":5},{"floor":16,"enemies":"The Guardian","damage":5,"turns":7},{"floor":18,"enemies":"Shell Parasite","damage":12,"turns":4},{"floor":19,"enemies":"Spheric Guardian","damage":0,"turns":3},{"floor":23,"enemies":"Book of Stabbing","damage":23,"turns":5},{"floor":25,"enemies":"Snake Plant","damage":12,"turns":3},{"floor":27,"enemies":"Snecko","damage":0,"turns":3},{"floor":28,"enemies":"Centurion and Healer","damage":0,"turns":4},{"floor":30,"enemies":"Slavers","damage":41,"turns":3}],"potions_obtained":[{"key":"PowerPotion","floor":1},{"key":"PowerPotion","floor":2},{"key":"Energy Potion","floor":12},{"key":"Weak Potion","floor":14},{"key":"Dexterity Potion","floor":16},{"key":"SpeedPotion","floor":18},{"key":"Energy Potion","floor":19},{"key":"Swift Potion","floor":25},{"key":"Energy Potion","floor":27},{"key":"Strength Potion","floor":28}],"relics_obtained":[{"key":"Peace Pipe","floor":6},{"key":"Sundial","floor":9},{"key":"Centennial Puzzle","floor":10},{"key":"White Beast Statue","floor":12},{"key":"Damaru","floor":13},{"key":"Blood Vial","floor":23},{"key":"Orichalcum","floor":26}],"campfire_choices":[{"floor":11,"key":"REST"},{"floor":15,"key":"PURGE","data":"Defend_P"},{"floor":24,"key":"PURGE","data":"Strike_P"},{"floor":29,"key":"PURGE","data":"Strike_P"}],"circlet_count":0,"win_rate":0,"killed_by":"Slavers"}