{"play_id":"b0e14be5-fdf5-4443-a2fe-80f38d264abf","build_version":"2020-01-27","seed_played":"6364617110187112183","chose_seed":false,"seed_source_timestamp":0,"is_daily":false,"special_seed":0,"is_trial":false,"is_endless":false,"is_ascension_mode":true,"ascension_level":13,"neow_bonus":"BOSS_RELIC","neow_cost":"NONE","is_beta":false,"is_prod":false,"victory":false,"floor_reached":16,"score":185,"timestamp":1717979614,"local_time":"06/10/2024 00:33:34","playtime":679,"player_experience":637584,"master_deck":["AscendersBane","Strike_P","Strike_P","Strike_P","Strike_P+1","Defend_P+1","Defend_P","Defend_P","Eruption","Vigilance","Tantrum+1","Protect","WheelKick+1","FollowUp"],"relics":["Velvet Choker","Happy Flower","Gambling Chip","Sundial","Art of War"],"gold":237,"campfire_rested":1,"campfire_upgraded":2,"purchased_purges":1,"potions_floor_spawned":[3,7,13],"potions_floor_usage":[16],"current_hp_per_floor":[46,46,45,31,31,31,31,19,19,40,40,39,24,24,24,0],"max_hp_per_floor":[72,72,72,72,72,72,72,72,72,72,72,72,72,72,72,72],"gold_per_floor":[112,37,50,50,50,50,68,94,170,170,180,196,225,237,237,237],"path_per_floor":["M","$","M","?","?","R","M","E","T","R","M","M","E","M","R","B"],"path_taken":["M","$","M","?","?","R","M","E","T","R","?","M","E","M","R","BOSS"],"items_purchased":[],"item_purchase_floors":[],"items_purged":["Defend_P"],"items_purged_floors":[2],"character_chosen":"WATCHER","card_choices":[{"picked":"Consecrate","not_picked":["CutThroughFate","ClearTheMind"],"floor":1},{"picked":"Tantrum","not_picked":["CrushJoints","Study"],"floor":3},{"picked":"Protect","not_picked":["Nirvana","JustLucky"],"floor":7},{"picked":"SKIP","not_picked":["FlyingSleeves","Protect","EmptyFist"],"floor":8},{"picked":"SKIP","not_picked":["ThirdEye","FlyingSleeves","Pray"],"floor":11},{"picked":"WheelKick","not_picked":["JustLucky","BowlingBash"],"floor":12},{"picked":"SKIP","not_picked":["EmptyMind","Vengeance","Crescendo"],"floor":13},{"picked":"FollowUp","not_picked":["Meditate","Blasphemy"],"floor":14}],"event_choices":[{"event_name":"Shining Light","player_choice":"Entered Light","floor":4,"cards_obtained":null,"cards_removed":null,"cards_transformed":null,"cards_upgraded":["Defend_P","Strike_P"],"relics_obtained":null,"potions_obtained":null,"relics_lost":null,"damage_taken":14,"damage_healed":0,"max_hp_loss":0,"max_hp_gain":0,"gold_gain":0,"gold_loss":0},{"event_name":"WeMeetAgain","player_choice":"Gave Card","floor":5,"cards_obtained":null,"cards_removed":["Consecrate"],"cards_transformed":null,"cards_upgraded":null,"relics_obtained":["Happy Flower"],"potions_obtained":null,"relics_lost":null,"damage_taken":0,"damage_healed":0,"max_hp_loss":0,"max_hp_gain":0,"gold_gain":0,"gold_loss":0}],"boss_relics":[],"damage_taken":[{"floor":1,"enemies":"Small Slimes","damage":19,"turns":3},{"floor":3,"enemies":"Cultist","damage":1,"turns":3},{"floor":7,"enemies":"2 Louse","damage":0,"turns":2},{"floor":8,"enemies":"Lagavulin","damage":12,"turns":4},{"floor":11,"enemies":"Exordium Wildlife","damage":0,"turns":3},{"floor":12,"enemies":"2 Fungi Beasts","damage":1,"turns":3},{"floor":13,"enemies":"3 Sentries","damage":15,"turns":3},{"floor":14,"enemies":"Looter","damage":0,"turns":1},{"floor":16,"enemies":"Hexaghost","damage":34,"turns":4}],"potions_obtained":[{"key":"Swift Potion","floor":3},{"key":"BottledMiracle","floor":7},{"key":"Dexterity Potion","floor":13}],"relics_obtained":[{"key":"Gambling Chip","floor":8},{"key":"Sundial","floor":9},{"key":"Art of War","floor":13}],"campfire_choices":[{"floor":6,"key":"SMITH","data":"Tantrum"},{"floor":10,"key":"REST"},{"floor":15,"key":"SMITH","data":"WheelKick"}],"circlet_count":0,"win_rate":0,"killed_by":"Hexaghost"}