{"play_id":"bbcb707e-5baa-43fb-8c6c-ba5600c44016","build_version":"2020-01-27","seed_played":"7517429145733920938","chose_seed":false,"seed_source_timestamp":40143509748,"is_daily":false,"special_seed":null,"is_trial":false,"is_endless":false,"is_ascension_mode":true,"ascension_level":13,"neow_bonus":"THREE_ENEMY_KILL","neow_cost":"NONE","is_beta":false,"is_prod":false,"victory":false,"floor_reached":14,"score":165,"timestamp":1719891215,"local_time":"07/02/2024 03:33:35","playtime":446,"player_experience":638263,"master_deck":["AscendersBane","Strike_P","Strike_P","Strike_P","Defend_P","Defend_P","Defend_P","Eruption+1","Vigilance","FlurryOfBlows","EmptyMind","Worship+1","BowlingBash","Brilliance","Pray"],"relics":["PureWater","NeowsBlessing","Lantern","Oddly Smooth Stone","Frozen Egg 2","Kunai","Blood Vial"],"gold":61,"campfire_rested":0,"campfire_upgraded":2,"purchased_purges":1,"potions_floor_spawned":[1,3,12],"potions_floor_usage":[7,10],"current_hp_per_floor":[65,65,65,40,40,40,22,22,22,8,8,1,3,0],"max_hp_per_floor":[72,72,72,72,72,72,72,72,72,72,72,72,72,72],"gold_per_floor":[109,109,123,123,140,140,175,175,256,290,35,46,61,61],"path_per_floor":["M","?","M","?","M","R","E","R","T","E","$","M","M","M"],"path_taken":["M","?","M","?","M","R","E","R","T","E","$","M","M","M"],"items_purchased":["Pray","Blood Vial"],"item_purchase_floors":[11,11],"items_purged":["Strike_P"],"items_purged_floors":[11],"character_chosen":"WATCHER","card_choices":[{"picked":"FlurryOfBlows","not_picked":["Fasting2","ClearTheMind"],"floor":1},{"picked":"Worship","not_picked":["CutThroughFate","Prostrate"],"floor":3},{"picked":"BowlingBash","not_picked":["FlyingSleeves","Weave"],"floor":5},{"picked":"SKIP","not_picked":["SashWhip","FlyingSleeves","EmptyFist"],"floor":7},{"picked":"Brilliance","not_picked":["ClearTheMind","JustLucky"],"floor":10},{"picked":"SKIP","not_picked":["Fasting2+1","PathToVictory","ForeignInfluence"],"floor":12},{"picked":"SKIP","not_picked":["Weave","Crescendo","SashWhip"],"floor":13}],"event_choices":[{"event_name":"Living Wall","player_choice":"Change","floor":2,"cards_obtained":["EmptyMind"],"cards_removed":null,"cards_transformed":["Defend_P"],"cards_upgraded":null,"relics_obtained":null,"potions_obtained":null,"relics_lost":null,"damage_taken":0,"damage_healed":0,"max_hp_loss":0,"max_hp_gain":0,"gold_gain":0,"gold_loss":0},{"event_name":"Scrap Ooze","player_choice":"Success","floor":4,"cards_obtained":null,"cards_removed":null,"cards_transformed":null,"cards_upgraded":null,"relics_obtained":["Lantern"],"potions_obtained":null,"relics_lost":null,"damage_taken":25,"damage_healed":0,"max_hp_loss":0,"max_hp_gain":0,"gold_gain":0,"gold_loss":0}],"boss_relics":[],"damage_taken":[{"floor":1,"enemies":"2 Louse","damage":0,"turns":2},{"floor":3,"enemies":"Jaw Worm","damage":0,"turns":1},{"floor":5,"enemies":"Small Slimes","damage":0,"turns":1},{"floor":7,"enemies":"3 Sentries","damage":18,"turns":4},{"floor":10,"enemies":"Lagavulin","damage":14,"turns":7},{"floor":12,"enemies":"Looter","damage":9,"turns":4},{"floor":13,"enemies":"Exordium Thugs","damage":0,"turns":2},{"floor":14,"enemies":"Large Slime","damage":18,"turns":1}],"potions_obtained":[{"key":"EssenceOfSteel","floor":1},{"key":"AttackPotion","floor":3},{"key":"Dexterity Potion","floor":12}],"relics_obtained":[{"key":"Oddly Smooth Stone","floor":7},{"key":"Frozen Egg 2","floor":9},{"key":"Kunai","floor":10}],"campfire_choices":[{"floor":6,"key":"SMITH","data":"Worship"},{"floor":8,"key":"SMITH","data":"Eruption"}],"circlet_count":0,"win_rate":0,"killed_by":"Large Slime"}