{"play_id":"55e5b91d-f336-459b-9dd3-92c08eb30bd8","build_version":"2020-01-27","seed_played":"7384100900651201830","chose_seed":false,"seed_source_timestamp":45922966943,"is_daily":false,"special_seed":null,"is_trial":false,"is_endless":false,"is_ascension_mode":true,"ascension_level":13,"neow_bonus":"THREE_ENEMY_KILL","neow_cost":"NONE","is_beta":false,"is_prod":false,"victory":false,"floor_reached":21,"score":378,"timestamp":1719892458,"local_time":"07/02/2024 03:54:18","playtime":754,"player_experience":638709,"master_deck":["AscendersBane","Defend_P","Defend_P","Eruption+1","Vigilance","Consecrate","FlurryOfBlows","Swivel","Protect","Ragnarok+1","Vengeance","SpiritShield","CurseOfTheBell","ReachHeaven","Bite","Bite","Bite","Bite","Bite"],"relics":["PureWater","NeowsBlessing","Centennial Puzzle","CultistMask","Ornamental Fan","StrikeDummy","Calling Bell","Mummified Hand","FossilizedHelix","Letter Opener"],"gold":159,"campfire_rested":0,"campfire_upgraded":1,"purchased_purges":2,"potions_floor_spawned":[6,14,16],"potions_floor_usage":[12,21],"current_hp_per_floor":[65,65,65,65,65,65,58,58,58,55,55,55,55,41,41,34,63,46,46,46,0],"max_hp_per_floor":[72,72,72,72,72,72,72,72,72,72,72,72,72,72,72,72,72,72,72,72,72],"gold_per_floor":[111,111,36,49,49,76,86,86,86,119,134,150,50,66,66,139,139,159,159,159,159],"path_per_floor":["M","?","$","M","?","E","M","?","T","E","M","M","$","M","R","B",null,"M","?","?","?"],"path_taken":["M","?","$","?","?","E","?","?","T","E","?","M","?","M","R","BOSS","M","?","?","?"],"items_purchased":[],"item_purchase_floors":[],"items_purged":["Defend_P","Defend_P"],"items_purged_floors":[3,13],"character_chosen":"WATCHER","card_choices":[{"picked":"Consecrate","not_picked":["Evaluate","ThirdEye"],"floor":1},{"picked":"Protect","not_picked":["ClearTheMind","Nirvana"],"floor":4},{"picked":"Ragnarok","not_picked":["LikeWater","ThirdEye"],"floor":6},{"picked":"SKIP","not_picked":["CutThroughFate","Evaluate","EmptyBody"],"floor":7},{"picked":"SKIP","not_picked":["Sanctity","Evaluate","Weave"],"floor":10},{"picked":"SKIP","not_picked":["Sanctity","Indignation","CutThroughFate"],"floor":11},{"picked":"Vengeance","not_picked":["BowlingBash","FollowUp"],"floor":12},{"picked":"SKIP","not_picked":["CutThroughFate","FollowUp","ConjureBlade"],"floor":14},{"picked":"SpiritShield","not_picked":["Alpha","Wish"],"floor":16},{"picked":"ReachHeaven","not_picked":["EmptyFist+1","Wireheading"],"floor":18}],"event_choices":[{"event_name":"Match and Keep!","player_choice":"2 cards matched","floor":2,"cards_obtained":["FlurryOfBlows","Swivel"],"cards_removed":null,"cards_transformed":null,"cards_upgraded":null,"relics_obtained":null,"potions_obtained":null,"relics_lost":null,"damage_taken":0,"damage_healed":0,"max_hp_loss":0,"max_hp_gain":0,"gold_gain":0,"gold_loss":0},{"event_name":"Upgrade Shrine","player_choice":"Upgraded","floor":5,"cards_obtained":null,"cards_removed":null,"cards_transformed":null,"cards_upgraded":["Eruption"],"relics_obtained":null,"potions_obtained":null,"relics_lost":null,"damage_taken":0,"damage_healed":0,"max_hp_loss":0,"max_hp_gain":0,"gold_gain":0,"gold_loss":0},{"event_name":"FaceTrader","player_choice":"Trade","floor":8,"cards_obtained":null,"cards_removed":null,"cards_transformed":null,"cards_upgraded":null,"relics_obtained":["CultistMask"],"potions_obtained":null,"relics_lost":null,"damage_taken":0,"damage_healed":0,"max_hp_loss":0,"max_hp_gain":0,"gold_gain":0,"gold_loss":0},{"event_name":"Vampires","player_choice":"Became a vampire (Vial)","floor":19,"cards_obtained":["Bite","Bite","Bite","Bite","Bite"],"cards_removed":null,"cards_transformed":null,"cards_upgraded":null,"relics_obtained":null,"potions_obtained":null,"relics_lost":["Blood Vial"],"damage_taken":0,"damage_healed":0,"max_hp_loss":0,"max_hp_gain":0,"gold_gain":0,"gold_loss":0},{"event_name":"The Mausoleum","player_choice":"Opened","floor":20,"cards_obtained":null,"cards_removed":null,"cards_transformed":null,"cards_upgraded":null,"relics_obtained":["Letter Opener"],"potions_obtained":null,"relics_lost":null,"damage_taken":0,"damage_healed":0,"max_hp_loss":0,"max_hp_gain":0,"gold_gain":0,"gold_loss":0},{"event_name":"Masked Bandits","player_choice":"Fought Bandits","floor":21,"cards_obtained":null,"cards_removed":null,"cards_transformed":null,"cards_upgraded":null,"relics_obtained":null,"potions_obtained":null,"relics_lost":null,"damage_taken":0,"damage_healed":0,"max_hp_loss":0,"max_hp_gain":0,"gold_gain":0,"gold_loss":0}],"boss_relics":[{"picked":"Calling Bell","not_picked":["Cursed Key","Busted Crown"]}],"damage_taken":[{"floor":1,"enemies":"Small Slimes","damage":0,"turns":1},{"floor":4,"enemies":"Cultist","damage":0,"turns":1},{"floor":6,"enemies":"Lagavulin","damage":0,"turns":1},{"floor":7,"enemies":"Jaw Worm","damage":7,"turns":2},{"floor":10,"enemies":"Gremlin Nob","damage":3,"turns":3},{"floor":11,"enemies":"Exordium Wildlife","damage":0,"turns":3},{"floor":12,"enemies":"3 Louse","damage":0,"turns":2},{"floor":14,"enemies":"Red Slaver","damage":14,"turns":2},{"floor":16,"enemies":"Hexaghost","damage":7,"turns":7},{"floor":18,"enemies":"3 Byrds","damage":19,"turns":3},{"floor":21,"enemies":"Masked Bandits","damage":77,"turns":4}],"potions_obtained":[{"key":"SkillPotion","floor":6},{"key":"Regen Potion","floor":14},{"key":"SpeedPotion","floor":16}],"relics_obtained":[{"key":"Centennial Puzzle","floor":6},{"key":"Ornamental Fan","floor":9},{"key":"StrikeDummy","floor":10},{"key":"Blood Vial","floor":17},{"key":"Mummified Hand","floor":17},{"key":"FossilizedHelix","floor":17}],"campfire_choices":[{"floor":15,"key":"SMITH","data":"Ragnarok"}],"circlet_count":0,"win_rate":0,"killed_by":"Masked Bandits"}