{"play_id":"c48b136a-8d7d-488f-bb5c-bfa7d70f28a3","build_version":"2020-01-27","seed_played":"-7625819927474975394","chose_seed":false,"seed_source_timestamp":0,"is_daily":false,"special_seed":0,"is_trial":false,"is_endless":false,"is_ascension_mode":true,"ascension_level":13,"neow_bonus":"RANDOM_COMMON_RELIC","neow_cost":"NONE","is_beta":false,"is_prod":false,"victory":false,"floor_reached":33,"score":597,"timestamp":1721739587,"local_time":"07/23/2024 12:59:47","playtime":1849,"player_experience":640969,"master_deck":["AscendersBane","Strike_P","Strike_P","Strike_P","Defend_P","Defend_P","Eruption+1","Vigilance","BattleHymn+1","FollowUp","Wallop+1","Collect+1","FearNoEvil","FollowUp","MasterReality","Adaptation+1","CutThroughFate+1","Halt","TalkToTheHand","Necronomicurse","FlyingSleeves"],"relics":["PureWater","Centennial Puzzle","StrikeDummy","CaptainsWheel","Black Star","Darkstone Periapt","Dream Catcher","Bag of Preparation","Smiling Mask","Necronomicon","Singing Bowl","Art of War"],"gold":172,"campfire_rested":2,"campfire_upgraded":4,"purchased_purges":2,"potions_floor_spawned":[7,11,12,16,22,23,29],"potions_floor_usage":[19,23,30,30],"current_hp_per_floor":[65,65,65,65,65,65,65,65,65,65,65,56,38,38,38,38,64,64,49,49,37,31,31,8,8,8,29,19,19,8,8,34,0],"max_hp_per_floor":[72,72,72,72,72,72,72,72,72,72,72,72,72,72,72,72,72,72,72,72,72,72,72,72,72,72,72,78,78,80,80,82,82],"gold_per_floor":[117,42,42,19,35,35,66,66,66,66,82,97,111,286,286,363,363,379,391,29,48,61,77,108,108,131,131,131,145,172,172,172,172],"path_per_floor":["M","$","?","$","M","R","E","R","T","R","M","M","M","?","R","B",null,"M","M","$","M","M","M","E","$","T","R","?","M","E","?","R","B"],"path_taken":["M","?","?","$","?","R","E","R","T","R","M","M","M","?","R","BOSS","M","M","$","M","M","M","E","$","T","R","?","M","E","?","R","BOSS"],"items_purchased":["FollowUp","Darkstone Periapt"],"item_purchase_floors":[4,20],"items_purged":["Strike_P","Doubt"],"items_purged_floors":[2,20],"character_chosen":"WATCHER","card_choices":[{"picked":"BattleHymn","not_picked":["EmptyBody","Evaluate"],"floor":1},{"picked":"Wallop","not_picked":["EmptyBody","Protect"],"floor":5},{"picked":"Collect","not_picked":["EmptyBody","SignatureMove"],"floor":7},{"picked":"SKIP","not_picked":["MentalFortress","EmptyBody","Indignation"],"floor":11},{"picked":"FearNoEvil","not_picked":["FollowUp","EmptyBody"],"floor":12},{"picked":"FollowUp","not_picked":["Study","Crescendo"],"floor":13},{"picked":"MasterReality","not_picked":["Establishment","DeusExMachina"],"floor":16},{"picked":"SKIP","not_picked":["JustLucky","Evaluate","EmptyFist"],"floor":18},{"picked":"Adaptation+1","not_picked":["FlurryOfBlows","FearNoEvil"],"floor":19},{"picked":"CutThroughFate+1","not_picked":["WaveOfTheHand","PathToVictory"],"floor":21},{"picked":"SKIP","not_picked":["DevaForm","Wireheading","Evaluate"],"floor":22},{"picked":"Halt","not_picked":["FlurryOfBlows","ClearTheMind"],"floor":23},{"picked":"TalkToTheHand","not_picked":["SandsOfTime","Swivel"],"floor":24},{"picked":"SKIP","not_picked":["JustLucky","Protect","SashWhip"],"floor":29},{"picked":"SKIP","not_picked":["JustLucky","Protect","SashWhip"],"floor":29},{"picked":"Singing Bowl","not_picked":["Weave","Nirvana","Indignation"],"floor":30},{"picked":"Singing Bowl","not_picked":["EmptyBody","Consecrate","SandsOfTime"],"floor":32}],"event_choices":[{"event_name":"Bonfire Elementals","player_choice":"Offered Basic","floor":3,"cards_obtained":null,"cards_removed":["Defend_P"],"cards_transformed":null,"cards_upgraded":null,"relics_obtained":null,"potions_obtained":null,"relics_lost":null,"damage_taken":0,"damage_healed":0,"max_hp_loss":0,"max_hp_gain":0,"gold_gain":0,"gold_loss":0},{"event_name":"Liars Game","player_choice":"AGREE","floor":14,"cards_obtained":["Doubt"],"cards_removed":null,"cards_transformed":null,"cards_upgraded":null,"relics_obtained":null,"potions_obtained":null,"relics_lost":null,"damage_taken":0,"damage_healed":0,"max_hp_loss":0,"max_hp_gain":0,"gold_gain":175,"gold_loss":0},{"event_name":"Cursed Tome","player_choice":"Obtained Book","floor":28,"cards_obtained":null,"cards_removed":null,"cards_transformed":null,"cards_upgraded":null,"relics_obtained":null,"potions_obtained":null,"relics_lost":null,"damage_taken":16,"damage_healed":0,"max_hp_loss":0,"max_hp_gain":0,"gold_gain":0,"gold_loss":0},{"event_name":"Transmorgrifier","player_choice":"Transformed","floor":31,"cards_obtained":["FlyingSleeves"],"cards_removed":null,"cards_transformed":["Defend_P"],"cards_upgraded":null,"relics_obtained":null,"potions_obtained":null,"relics_lost":null,"damage_taken":0,"damage_healed":0,"max_hp_loss":0,"max_hp_gain":0,"gold_gain":0,"gold_loss":0}],"boss_relics":[{"picked":"Black Star","not_picked":["Velvet Choker","HolyWater"]}],"damage_taken":[{"floor":1,"enemies":"Cultist","damage":0,"turns":3},{"floor":5,"enemies":"2 Louse","damage":0,"turns":2},{"floor":7,"enemies":"Lagavulin","damage":0,"turns":4},{"floor":11,"enemies":"Small Slimes","damage":0,"turns":3},{"floor":12,"enemies":"2 Fungi Beasts","damage":9,"turns":3},{"floor":13,"enemies":"Large Slime","damage":18,"turns":2},{"floor":16,"enemies":"Slime Boss","damage":0,"turns":7},{"floor":18,"enemies":"Spheric Guardian","damage":0,"turns":2},{"floor":19,"enemies":"3 Byrds","damage":15,"turns":5},{"floor":21,"enemies":"Cultist and Chosen","damage":12,"turns":4},{"floor":22,"enemies":"Centurion and Healer","damage":6,"turns":3},{"floor":23,"enemies":"3 Cultists","damage":0,"turns":3},{"floor":24,"enemies":"Book of Stabbing","damage":23,"turns":5},{"floor":29,"enemies":"Cultist and Chosen","damage":0,"turns":5},{"floor":30,"enemies":"Gremlin Leader","damage":13,"turns":5},{"floor":33,"enemies":"Collector","damage":35,"turns":2}],"potions_obtained":[{"key":"StancePotion","floor":7},{"key":"BottledMiracle","floor":11},{"key":"Explosive Potion","floor":22},{"key":"Explosive Potion","floor":23}],"relics_obtained":[{"key":"StrikeDummy","floor":7},{"key":"CaptainsWheel","floor":9},{"key":"Dream Catcher","floor":24},{"key":"Bag of Preparation","floor":24},{"key":"Smiling Mask","floor":26},{"key":"Necronomicon","floor":28},{"key":"Singing Bowl","floor":30},{"key":"Art of War","floor":30}],"campfire_choices":[{"floor":6,"key":"SMITH","data":"Eruption"},{"floor":8,"key":"SMITH","data":"BattleHymn"},{"floor":10,"key":"SMITH","data":"Collect"},{"floor":15,"key":"SMITH","data":"Wallop"},{"floor":27,"key":"REST"},{"floor":32,"key":"REST"}],"circlet_count":0,"win_rate":0,"killed_by":"Collector"}