{"play_id":"ae285ea5-9b48-4a4d-83c5-45e1d550d2f5","build_version":"2020-01-27","seed_played":"1426860382089494886","chose_seed":false,"seed_source_timestamp":5310918178916,"is_daily":false,"special_seed":null,"is_trial":false,"is_endless":false,"is_ascension_mode":true,"ascension_level":13,"neow_bonus":"BOSS_RELIC","neow_cost":"NONE","is_beta":false,"is_prod":false,"victory":true,"floor_reached":51,"score":1377,"timestamp":1722086871,"local_time":"07/27/2024 13:27:51","playtime":1625,"player_experience":642818,"master_deck":["AscendersBane","Strike_P+1","Defend_P","Eruption+1","Vigilance","BattleHymn+1","Protect+1","CrushJoints+1","WreathOfFlame","Judgement+1","Brilliance+1","ReachHeaven+1","Indignation+1","Conclude+1","Prostrate+1","Adaptation+1","WheelKick+1","Prostrate+1","ThirdEye+1","Pain","ThirdEye+1","Brilliance+1"],"relics":["Busted Crown","Damaru","Toy Ornithopter","Meat on the Bone","Astrolabe","PreservedInsect","Frozen Egg 2","Red Mask","Unceasing Top","FossilizedHelix","Juzu Bracelet","Black Star","WarpedTongs","Whetstone","Pocketwatch","HornCleat","Gambling Chip","Nunchaku","Smiling Mask","War Paint"],"gold":211,"campfire_rested":1,"campfire_upgraded":5,"purchased_purges":3,"potions_floor_spawned":[1,16,19,28,31,33,44],"potions_floor_usage":[11,24,24,33,33,41,44,50],"current_hp_per_floor":[65,58,44,44,44,44,44,44,44,44,31,31,10,10,10,16,58,45,45,45,45,45,22,40,40,40,40,28,28,82,76,76,82,82,78,78,78,78,78,78,78,78,78,53,53,39,39,51,75,28],"max_hp_per_floor":[72,72,72,72,72,72,72,72,72,72,72,72,72,72,72,72,72,72,72,72,72,72,72,72,72,72,72,72,72,82,82,82,82,82,82,82,82,82,82,82,82,82,82,82,82,82,82,82,82,82],"gold_per_floor":[119,119,119,131,144,144,20,20,44,55,71,71,104,4,4,83,83,99,116,116,135,158,189,224,234,234,234,267,21,21,34,34,107,107,120,120,120,22,22,22,57,57,57,106,159,194,194,211,211,211],"path_per_floor":["M","?","?","M","M","R","$","R","T","M","M","?","E","$","R","B",null,"M","M","?","M","T","E","?","M","T","?","E","$","?","M","R","B",null,"M","$","?","$","?","R","E","?","T","?","T","E","?","M","R","B",null],"path_taken":["M","?","?","M","M","R","$","R","T","M","M","?","E","?","R","BOSS","M","?","?","M","?","E","?","?","T","?","E","?","?","M","R","BOSS","M","$","?","$","?","R","E","?","T","?","?","E","?","M","R","BOSS"],"items_purchased":["Protect","Adaptation+1","Halt","ThirdEye","AttackPotion"],"item_purchase_floors":[7,29,29,38,38],"items_purged":["Defend_P","Regret","Strike_P"],"items_purged_floors":[7,14,29],"character_chosen":"WATCHER","card_choices":[{"picked":"BattleHymn","not_picked":[],"floor":1},{"picked":"SKIP","not_picked":["EmptyMind"],"floor":4},{"picked":"SKIP","not_picked":["FlurryOfBlows"],"floor":5},{"picked":"CrushJoints","not_picked":[],"floor":10},{"picked":"WreathOfFlame","not_picked":[],"floor":11},{"picked":"SKIP","not_picked":["BattleHymn"],"floor":13},{"picked":"Judgement","not_picked":[],"floor":16},{"picked":"SKIP","not_picked":["EmptyBody"],"floor":18},{"picked":"SKIP","not_picked":["Crescendo+1"],"floor":19},{"picked":"Indignation","not_picked":[],"floor":21},{"picked":"SKIP","not_picked":["SandsOfTime"],"floor":23},{"picked":"Conclude","not_picked":[],"floor":24},{"picked":"SKIP","not_picked":["PathToVictory"],"floor":25},{"picked":"Prostrate","not_picked":[],"floor":28},{"picked":"WheelKick","not_picked":[],"floor":31},{"picked":"Prostrate+1","not_picked":[],"floor":35},{"picked":"SKIP","not_picked":["LikeWater+1"],"floor":41},{"picked":"ThirdEye+1","not_picked":[],"floor":46},{"picked":"SKIP","not_picked":["WindmillStrike"],"floor":48}],"event_choices":[{"event_name":"Golden Wing","player_choice":"Card Removal","floor":2,"cards_obtained":null,"cards_removed":["Strike_P"],"cards_transformed":null,"cards_upgraded":null,"relics_obtained":null,"potions_obtained":null,"relics_lost":null,"damage_taken":7,"damage_healed":0,"max_hp_loss":0,"max_hp_gain":0,"gold_gain":0,"gold_loss":0},{"event_name":"Shining Light","player_choice":"Entered Light","floor":3,"cards_obtained":null,"cards_removed":null,"cards_transformed":null,"cards_upgraded":["Strike_P","Eruption"],"relics_obtained":null,"potions_obtained":null,"relics_lost":null,"damage_taken":14,"damage_healed":0,"max_hp_loss":0,"max_hp_gain":0,"gold_gain":0,"gold_loss":0},{"event_name":"Big Fish","player_choice":"Box","floor":12,"cards_obtained":["Regret"],"cards_removed":null,"cards_transformed":null,"cards_upgraded":null,"relics_obtained":["Toy Ornithopter"],"potions_obtained":null,"relics_lost":null,"damage_taken":0,"damage_healed":0,"max_hp_loss":0,"max_hp_gain":0,"gold_gain":0,"gold_loss":0},{"event_name":"Ghosts","player_choice":"Ignored","floor":20,"cards_obtained":null,"cards_removed":null,"cards_transformed":null,"cards_upgraded":null,"relics_obtained":null,"potions_obtained":null,"relics_lost":null,"damage_taken":0,"damage_healed":0,"max_hp_loss":0,"max_hp_gain":0,"gold_gain":0,"gold_loss":0},{"event_name":"Masked Bandits","player_choice":"Fought Bandits","floor":24,"cards_obtained":null,"cards_removed":null,"cards_transformed":null,"cards_upgraded":null,"relics_obtained":null,"potions_obtained":null,"relics_lost":null,"damage_taken":0,"damage_healed":0,"max_hp_loss":0,"max_hp_gain":0,"gold_gain":0,"gold_loss":0},{"event_name":"The Mausoleum","player_choice":"Opened","floor":27,"cards_obtained":null,"cards_removed":null,"cards_transformed":null,"cards_upgraded":null,"relics_obtained":["FossilizedHelix"],"potions_obtained":null,"relics_lost":null,"damage_taken":0,"damage_healed":0,"max_hp_loss":0,"max_hp_gain":0,"gold_gain":0,"gold_loss":0},{"event_name":"Bonfire Elementals","player_choice":"Offered Rare","floor":30,"cards_obtained":null,"cards_removed":["DevaForm"],"cards_transformed":null,"cards_upgraded":null,"relics_obtained":null,"potions_obtained":null,"relics_lost":null,"damage_taken":0,"damage_healed":44,"max_hp_loss":0,"max_hp_gain":10,"gold_gain":0,"gold_loss":0},{"event_name":"SensoryStone","player_choice":"Memory 1","floor":37,"cards_obtained":null,"cards_removed":null,"cards_transformed":null,"cards_upgraded":null,"relics_obtained":null,"potions_obtained":null,"relics_lost":null,"damage_taken":0,"damage_healed":0,"max_hp_loss":0,"max_hp_gain":0,"gold_gain":0,"gold_loss":0},{"event_name":"Accursed Blacksmith","player_choice":"Rummage","floor":39,"cards_obtained":["Pain"],"cards_removed":null,"cards_transformed":null,"cards_upgraded":null,"relics_obtained":["WarpedTongs"],"potions_obtained":null,"relics_lost":null,"damage_taken":0,"damage_healed":0,"max_hp_loss":0,"max_hp_gain":0,"gold_gain":0,"gold_loss":0},{"event_name":"Falling","player_choice":"Removed Skill","floor":42,"cards_obtained":null,"cards_removed":["Halt"],"cards_transformed":null,"cards_upgraded":null,"relics_obtained":null,"potions_obtained":null,"relics_lost":null,"damage_taken":0,"damage_healed":0,"max_hp_loss":0,"max_hp_gain":0,"gold_gain":0,"gold_loss":0},{"event_name":"Mysterious Sphere","player_choice":"Fight","floor":44,"cards_obtained":null,"cards_removed":null,"cards_transformed":null,"cards_upgraded":null,"relics_obtained":null,"potions_obtained":null,"relics_lost":null,"damage_taken":0,"damage_healed":0,"max_hp_loss":0,"max_hp_gain":0,"gold_gain":0,"gold_loss":0},{"event_name":"Duplicator","player_choice":"Copied","floor":47,"cards_obtained":["Brilliance"],"cards_removed":null,"cards_transformed":null,"cards_upgraded":null,"relics_obtained":null,"potions_obtained":null,"relics_lost":null,"damage_taken":0,"damage_healed":0,"max_hp_loss":0,"max_hp_gain":0,"gold_gain":0,"gold_loss":0}],"boss_relics":[{"picked":"Astrolabe","not_picked":["Philosopher's Stone","Velvet Choker"]},{"picked":"Black Star","not_picked":["Runic Dome","Tiny House"]}],"damage_taken":[{"floor":1,"enemies":"Cultist","damage":0,"turns":2},{"floor":4,"enemies":"2 Louse","damage":0,"turns":1},{"floor":5,"enemies":"Small Slimes","damage":0,"turns":2},{"floor":10,"enemies":"3 Louse","damage":0,"turns":4},{"floor":11,"enemies":"Lots of Slimes","damage":13,"turns":3},{"floor":13,"enemies":"3 Sentries","damage":21,"turns":4},{"floor":16,"enemies":"The Guardian","damage":6,"turns":7},{"floor":18,"enemies":"Shell Parasite","damage":13,"turns":4},{"floor":19,"enemies":"3 Byrds","damage":12,"turns":3},{"floor":21,"enemies":"Cultist and Chosen","damage":0,"turns":4},{"floor":23,"enemies":"Book of Stabbing","damage":35,"turns":4},{"floor":24,"enemies":"Masked Bandits","damage":4,"turns":2},{"floor":25,"enemies":"Snecko","damage":12,"turns":5},{"floor":28,"enemies":"Gremlin Leader","damage":24,"turns":3},{"floor":31,"enemies":"Snake Plant","damage":6,"turns":2},{"floor":33,"enemies":"Champ","damage":0,"turns":4},{"floor":35,"enemies":"3 Shapes","damage":4,"turns":4},{"floor":41,"enemies":"Reptomancer","damage":4,"turns":3},{"floor":44,"enemies":"2 Orb Walkers","damage":29,"turns":3},{"floor":46,"enemies":"Nemesis","damage":26,"turns":3},{"floor":48,"enemies":"Orb Walker","damage":0,"turns":2},{"floor":50,"enemies":"Time Eater","damage":64,"turns":4}],"potions_obtained":[{"key":"EssenceOfSteel","floor":1},{"key":"Dexterity Potion","floor":16},{"key":"Strength Potion","floor":19},{"key":"Energy Potion","floor":28},{"key":"Swift Potion","floor":31},{"key":"BottledMiracle","floor":33},{"key":"SpeedPotion","floor":44}],"relics_obtained":[{"key":"Damaru","floor":9},{"key":"Meat on the Bone","floor":13},{"key":"PreservedInsect","floor":22},{"key":"Frozen Egg 2","floor":23},{"key":"Red Mask","floor":24},{"key":"Unceasing Top","floor":26},{"key":"Juzu Bracelet","floor":28},{"key":"Whetstone","floor":41},{"key":"Pocketwatch","floor":41},{"key":"HornCleat","floor":43},{"key":"Gambling Chip","floor":44},{"key":"Nunchaku","floor":45},{"key":"Smiling Mask","floor":46},{"key":"War Paint","floor":46}],"campfire_choices":[{"floor":6,"key":"SMITH","data":"BattleHymn"},{"floor":8,"key":"SMITH","data":"Protect"},{"floor":15,"key":"SMITH","data":"CrushJoints"},{"floor":32,"key":"SMITH","data":"Prostrate"},{"floor":40,"key":"SMITH","data":"Judgement"},{"floor":49,"key":"REST"}],"circlet_count":0,"win_rate":0,"killed_by":null}