{"play_id":"3ea9621d-6b56-4a14-85e2-1af136e9dbc5","build_version":"2020-01-27","seed_played":"-6568437308794712654","chose_seed":false,"seed_source_timestamp":2659016925795,"is_daily":false,"special_seed":null,"is_trial":false,"is_endless":false,"is_ascension_mode":true,"ascension_level":8,"neow_bonus":"TEN_PERCENT_HP_BONUS","neow_cost":"NONE","is_beta":false,"is_prod":false,"victory":false,"floor_reached":20,"score":280,"timestamp":1699136737,"local_time":"11/04/2023 22:25:37","playtime":834,"player_experience":305168,"master_deck":["Strike_B","Defend_B","Defend_B","Defend_B","Defend_B","Zap+1","Dualcast","Ball Lightning","Defragment","Fusion+1","Coolheaded","Ball Lightning","Loop+1"],"relics":["Cracked Core","ClockworkSouvenir","Regal Pillow","Gambling Chip","Singing Bowl","Frozen Egg 2","Omamori","Empty Cage"],"gold":81,"campfire_rested":1,"campfire_upgraded":2,"purchased_purges":2,"potions_floor_spawned":[4,6,7,11,14],"potions_floor_usage":[6,11,12,12],"current_hp_per_floor":[65,65,62,53,53,32,22,61,61,61,62,64,64,42,42,22,73,52,52,0],"max_hp_per_floor":[82,82,82,82,82,82,82,82,82,82,84,86,86,88,88,90,90,92,92,92],"gold_per_floor":[110,385,405,419,1,34,51,51,51,51,66,126,126,151,151,246,246,259,81,81],"path_per_floor":["M","?","M","M","$","E","M","R","T","$","M","?","R","E","R","B",null,"M","$","?"],"path_taken":["M","?","M","M","?","E","M","R","T","$","?","?","R","E","R","BOSS","M","$","?"],"items_purchased":["ClockworkSouvenir","Regal Pillow","Coolheaded","Loop+1"],"item_purchase_floors":[5,5,5,19],"items_purged":["Regret","Strike_B"],"items_purged_floors":[5,19],"character_chosen":"DEFECT","card_choices":[{"picked":"Ball Lightning","not_picked":["Conserve Battery","Recycle"],"floor":1},{"picked":"Defragment","not_picked":["Turbo","Stack"],"floor":3},{"picked":"Fusion","not_picked":["Steam Power","Rip and Tear"],"floor":4},{"picked":"SKIP","not_picked":["FTL","Hologram","Undo"],"floor":6},{"picked":"Ball Lightning","not_picked":["Turbo","Redo"],"floor":7},{"picked":"Singing Bowl","not_picked":["Turbo","Barrage","Conserve Battery"],"floor":11},{"picked":"Singing Bowl","not_picked":["Skim","Steam","Leap"],"floor":12},{"picked":"Singing Bowl","not_picked":["Barrage","Hello World+1","Coolheaded"],"floor":14},{"picked":"Singing Bowl","not_picked":["Creative AI+1","Hyperbeam","All For One"],"floor":16},{"picked":"Singing Bowl","not_picked":["Recycle","Hologram","Leap"],"floor":18}],"event_choices":[{"event_name":"Golden Shrine","player_choice":"Desecrate","floor":2,"cards_obtained":["Regret"],"cards_removed":null,"cards_transformed":null,"cards_upgraded":null,"relics_obtained":null,"potions_obtained":null,"relics_lost":null,"damage_taken":0,"damage_healed":0,"max_hp_loss":0,"max_hp_gain":0,"gold_gain":275,"gold_loss":0},{"event_name":"Dead Adventurer","player_choice":"Searched '1' times","floor":12,"cards_obtained":null,"cards_removed":null,"cards_transformed":null,"cards_upgraded":null,"relics_obtained":null,"potions_obtained":null,"relics_lost":null,"damage_taken":0,"damage_healed":0,"max_hp_loss":0,"max_hp_gain":0,"gold_gain":0,"gold_loss":0},{"event_name":"Masked Bandits","player_choice":"Fought Bandits","floor":20,"cards_obtained":null,"cards_removed":null,"cards_transformed":null,"cards_upgraded":null,"relics_obtained":null,"potions_obtained":null,"relics_lost":null,"damage_taken":0,"damage_healed":0,"max_hp_loss":0,"max_hp_gain":0,"gold_gain":0,"gold_loss":0}],"boss_relics":[{"picked":"Empty Cage","not_picked":["Fusion Hammer","Snecko Eye"]}],"damage_taken":[{"floor":1,"enemies":"Small Slimes","damage":10,"turns":3},{"floor":3,"enemies":"Cultist","damage":3,"turns":3},{"floor":4,"enemies":"2 Louse","damage":9,"turns":3},{"floor":6,"enemies":"3 Sentries","damage":21,"turns":9},{"floor":7,"enemies":"2 Fungi Beasts","damage":10,"turns":3},{"floor":11,"enemies":"Large Slime","damage":1,"turns":5},{"floor":12,"enemies":"3 Sentries","damage":0,"turns":1},{"floor":14,"enemies":"Lagavulin","damage":24,"turns":5},{"floor":16,"enemies":"Slime Boss","damage":22,"turns":9},{"floor":18,"enemies":"Shell Parasite","damage":23,"turns":5},{"floor":20,"enemies":"Masked Bandits","damage":64,"turns":3}],"potions_obtained":[{"key":"Fire Potion","floor":4},{"key":"SpeedPotion","floor":6},{"key":"PowerPotion","floor":7},{"key":"DuplicationPotion","floor":11},{"key":"Ancient Potion","floor":14}],"relics_obtained":[{"key":"Gambling Chip","floor":6},{"key":"Singing Bowl","floor":9},{"key":"Frozen Egg 2","floor":12},{"key":"Omamori","floor":14}],"campfire_choices":[{"floor":8,"key":"REST"},{"floor":13,"key":"SMITH","data":"Fusion"},{"floor":15,"key":"SMITH","data":"Zap"}],"circlet_count":0,"win_rate":0,"killed_by":"Masked Bandits"}