{"play_id":"bf2750de-2936-4729-9f04-6a7a2ebc81aa","build_version":"2020-01-27","seed_played":"4051316272817646780","chose_seed":false,"seed_source_timestamp":2656595762340,"is_daily":false,"special_seed":null,"is_trial":false,"is_endless":false,"is_ascension_mode":true,"ascension_level":8,"neow_bonus":"BOSS_RELIC","neow_cost":"NONE","is_beta":false,"is_prod":false,"victory":false,"floor_reached":8,"score":76,"timestamp":1699135885,"local_time":"11/04/2023 22:11:25","playtime":226,"player_experience":304942,"master_deck":["Strike_B","Strike_B","Strike_B","Strike_B","Defend_B","Defend_B","Defend_B","Defend_B","Zap+1","Dualcast","Conserve Battery"],"relics":["Busted Crown","Meat on the Bone","Dead Branch","Vajra"],"gold":37,"campfire_rested":0,"campfire_upgraded":1,"purchased_purges":0,"potions_floor_spawned":[1],"potions_floor_usage":[6],"current_hp_per_floor":[68,68,67,60,60,17,17,0],"max_hp_per_floor":[75,75,75,75,75,80,80,80],"gold_per_floor":[115,0,11,11,11,37,37,37],"path_per_floor":["M","?","M","?","$","E","R","E"],"path_taken":["M","?","?","?","$","E","R","E"],"items_purchased":[],"item_purchase_floors":[],"items_purged":[],"items_purged_floors":[],"character_chosen":"DEFECT","card_choices":[{"picked":"SKIP","not_picked":["Heatsinks"],"floor":1},{"picked":"SKIP","not_picked":["Stack"],"floor":3},{"picked":"Conserve Battery","not_picked":[],"floor":6}],"event_choices":[{"event_name":"WeMeetAgain","player_choice":"Paid Gold","floor":2,"cards_obtained":null,"cards_removed":null,"cards_transformed":null,"cards_upgraded":null,"relics_obtained":["Meat on the Bone"],"potions_obtained":null,"relics_lost":null,"damage_taken":0,"damage_healed":0,"max_hp_loss":0,"max_hp_gain":0,"gold_gain":0,"gold_loss":115},{"event_name":"Scrap Ooze","player_choice":"Success","floor":4,"cards_obtained":null,"cards_removed":null,"cards_transformed":null,"cards_upgraded":null,"relics_obtained":["Dead Branch"],"potions_obtained":null,"relics_lost":null,"damage_taken":7,"damage_healed":0,"max_hp_loss":0,"max_hp_gain":0,"gold_gain":0,"gold_loss":0}],"boss_relics":[],"damage_taken":[{"floor":1,"enemies":"Small Slimes","damage":0,"turns":3},{"floor":3,"enemies":"Cultist","damage":1,"turns":3},{"floor":6,"enemies":"Lagavulin","damage":60,"turns":8},{"floor":8,"enemies":"Gremlin Nob","damage":41,"turns":3}],"potions_obtained":[{"key":"Fruit Juice","floor":1}],"relics_obtained":[{"key":"Vajra","floor":6}],"campfire_choices":[{"floor":7,"key":"SMITH","data":"Zap"}],"circlet_count":0,"win_rate":0,"killed_by":"Gremlin Nob"}