{"play_id":"bc072755-d64a-4097-8475-335ff271297b","build_version":"2020-01-27","seed_played":"-6551093284584923670","chose_seed":false,"seed_source_timestamp":1732785210706,"is_daily":false,"special_seed":null,"is_trial":false,"is_endless":false,"is_ascension_mode":true,"ascension_level":9,"neow_bonus":"THREE_ENEMY_KILL","neow_cost":"NONE","is_beta":false,"is_prod":false,"victory":false,"floor_reached":40,"score":709,"timestamp":1699937110,"local_time":"11/14/2023 04:45:10","playtime":2037,"player_experience":347833,"master_deck":["Strike_B","Strike_B","Strike_B+1","Defend_B+1","Zap+1","Dualcast","Undo","Defragment+1","Coolheaded+1","Glacier","Ball Lightning","Hologram","Capacitor","Fusion+1","Undo","Core Surge","Reinforced Body+1","Defragment+1","Aggregate+1","FTL+1","Doom and Gloom+1","Streamline+1","Hologram","Loop","Ball Lightning+1","Hologram+1","Electrodynamics","CurseOfTheBell","Ball Lightning"],"relics":["Cracked Core","NeowsBlessing","Golden Idol","Vajra","Boot","Matryoshka","Astrolabe","MealTicket","Anchor","Oddly Smooth Stone","Darkstone Periapt","Calling Bell","Ancient Tea Set","Pantograph","Gambling Chip","Mango"],"gold":326,"campfire_rested":3,"campfire_upgraded":5,"purchased_purges":1,"potions_floor_spawned":[1,2,6,16,18,28,29,37],"potions_floor_usage":[13,13,16,28,29,33,33],"current_hp_per_floor":[68,68,53,53,53,53,53,48,48,48,48,35,35,27,27,19,57,54,54,20,11,11,31,46,46,46,46,24,12,32,21,41,27,65,57,57,57,56,56,0],"max_hp_per_floor":[75,75,75,69,69,69,69,69,69,69,69,69,69,69,69,69,69,69,69,69,69,69,69,69,69,69,69,69,69,69,69,69,69,75,75,75,89,89,89,89],"gold_per_floor":[110,130,130,130,7,51,51,71,95,95,18,36,69,93,93,217,217,235,11,24,40,40,40,15,15,15,15,46,69,69,94,94,223,223,248,248,311,326,326,326],"path_per_floor":["M","M","?","?","$","E","R","M","T","R","$","M","E","M","R","B",null,"M","$","M","M","?","R","$","R","T","R","E","M","R","M","R","B",null,"M","?","?","M","?","E"],"path_taken":["M","?","?","?","?","E","R","M","T","R","$","M","E","M","R","BOSS","M","$","M","M","?","R","?","R","T","R","E","?","R","M","R","BOSS","M","?","?","M","?","E"],"items_purchased":["Coolheaded","Ball Lightning","Hologram","MealTicket","Doom and Gloom","Hologram"],"item_purchase_floors":[5,11,11,19,19,24],"items_purged":["Defend_B"],"items_purged_floors":[5],"character_chosen":"DEFECT","card_choices":[{"picked":"Undo","not_picked":["Barrage","Chill"],"floor":1},{"picked":"Defragment","not_picked":["White Noise","Skim"],"floor":2},{"picked":"SKIP","not_picked":["Steam","White Noise","Consume"],"floor":6},{"picked":"Glacier","not_picked":["Gash","Rip and Tear"],"floor":8},{"picked":"Capacitor","not_picked":["Turbo","Rebound"],"floor":12},{"picked":"Fusion","not_picked":["Undo","Compile Driver"],"floor":13},{"picked":"Undo","not_picked":["Self Repair","Loop"],"floor":14},{"picked":"Core Surge","not_picked":["Buffer","All For One"],"floor":16},{"picked":"FTL+1","not_picked":["Defragment","Steam"],"floor":18},{"picked":"SKIP","not_picked":["Rebound+1","Steam","Barrage"],"floor":20},{"picked":"Streamline+1","not_picked":["Steam Power","Thunder Strike"],"floor":21},{"picked":"Loop","not_picked":["Leap+1","Cold Snap"],"floor":28},{"picked":"Ball Lightning+1","not_picked":["Rebound","Steam Power+1"],"floor":29},{"picked":"Hologram+1","not_picked":["Echo Form","Cold Snap"],"floor":31},{"picked":"Electrodynamics","not_picked":["Seek","Buffer"],"floor":33},{"picked":"SKIP","not_picked":["Storm+1","Barrage","Sweeping Beam+1"],"floor":35},{"picked":"FTL+1","not_picked":["Melter+1","Beam Cell"],"floor":37},{"picked":"Ball Lightning","not_picked":["Turbo+1","Hologram"],"floor":38}],"event_choices":[{"event_name":"Shining Light","player_choice":"Entered Light","floor":3,"cards_obtained":null,"cards_removed":null,"cards_transformed":null,"cards_upgraded":["Defend_B","Strike_B"],"relics_obtained":null,"potions_obtained":null,"relics_lost":null,"damage_taken":15,"damage_healed":0,"max_hp_loss":0,"max_hp_gain":0,"gold_gain":0,"gold_loss":0},{"event_name":"Golden Idol","player_choice":"Lose Max HP","floor":4,"cards_obtained":null,"cards_removed":null,"cards_transformed":null,"cards_upgraded":null,"relics_obtained":["Golden Idol"],"potions_obtained":null,"relics_lost":null,"damage_taken":0,"damage_healed":0,"max_hp_loss":6,"max_hp_gain":0,"gold_gain":0,"gold_loss":0},{"event_name":"Lab","player_choice":"Got Potions","floor":22,"cards_obtained":null,"cards_removed":null,"cards_transformed":null,"cards_upgraded":null,"relics_obtained":null,"potions_obtained":null,"relics_lost":null,"damage_taken":0,"damage_healed":0,"max_hp_loss":0,"max_hp_gain":0,"gold_gain":0,"gold_loss":0},{"event_name":"The Moai Head","player_choice":"Ignored","floor":36,"cards_obtained":null,"cards_removed":null,"cards_transformed":null,"cards_upgraded":null,"relics_obtained":null,"potions_obtained":null,"relics_lost":null,"damage_taken":0,"damage_healed":0,"max_hp_loss":0,"max_hp_gain":0,"gold_gain":0,"gold_loss":0},{"event_name":"MindBloom","player_choice":"Fight","floor":37,"cards_obtained":null,"cards_removed":null,"cards_transformed":null,"cards_upgraded":null,"relics_obtained":null,"potions_obtained":null,"relics_lost":null,"damage_taken":0,"damage_healed":0,"max_hp_loss":0,"max_hp_gain":0,"gold_gain":0,"gold_loss":0},{"event_name":"Falling","player_choice":"Removed Attack","floor":39,"cards_obtained":null,"cards_removed":["FTL"],"cards_transformed":null,"cards_upgraded":null,"relics_obtained":null,"potions_obtained":null,"relics_lost":null,"damage_taken":0,"damage_healed":0,"max_hp_loss":0,"max_hp_gain":0,"gold_gain":0,"gold_loss":0}],"boss_relics":[{"picked":"Astrolabe","not_picked":["Cursed Key","Nuclear Battery"]},{"picked":"Calling Bell","not_picked":["Tiny House","Snecko Eye"]}],"damage_taken":[{"floor":1,"enemies":"Cultist","damage":0,"turns":1},{"floor":2,"enemies":"2 Louse","damage":0,"turns":1},{"floor":6,"enemies":"3 Sentries","damage":0,"turns":2},{"floor":8,"enemies":"Small Slimes","damage":5,"turns":3},{"floor":12,"enemies":"3 Louse","damage":13,"turns":3},{"floor":13,"enemies":"Lagavulin","damage":0,"turns":7},{"floor":14,"enemies":"Blue Slaver","damage":8,"turns":3},{"floor":16,"enemies":"Hexaghost","damage":8,"turns":15},{"floor":18,"enemies":"Spheric Guardian","damage":3,"turns":4},{"floor":20,"enemies":"3 Byrds","damage":62,"turns":5},{"floor":21,"enemies":"Sentry and Sphere","damage":9,"turns":6},{"floor":28,"enemies":"Book of Stabbing","damage":22,"turns":4},{"floor":29,"enemies":"Snake Plant","damage":12,"turns":3},{"floor":31,"enemies":"3 Cultists","damage":11,"turns":5},{"floor":33,"enemies":"Champ","damage":14,"turns":10},{"floor":35,"enemies":"Orb Walker","damage":8,"turns":5},{"floor":37,"enemies":"Mind Bloom Boss Battle","damage":32,"turns":8},{"floor":38,"enemies":"3 Shapes","damage":1,"turns":3},{"floor":40,"enemies":"Giant Head","damage":70,"turns":6}],"potions_obtained":[{"key":"EssenceOfSteel","floor":1},{"key":"Dexterity Potion","floor":2},{"key":"DuplicationPotion","floor":6},{"key":"Strength Potion","floor":16},{"key":"FairyPotion","floor":18},{"key":"EssenceOfDarkness","floor":22},{"key":"DistilledChaos","floor":22},{"key":"SneckoOil","floor":28},{"key":"Strength Potion","floor":29},{"key":"FocusPotion","floor":37}],"relics_obtained":[{"key":"Vajra","floor":6},{"key":"Boot","floor":9},{"key":"Matryoshka","floor":13},{"key":"Anchor","floor":26},{"key":"Oddly Smooth Stone","floor":26},{"key":"Darkstone Periapt","floor":28},{"key":"Ancient Tea Set","floor":34},{"key":"Pantograph","floor":34},{"key":"Gambling Chip","floor":34},{"key":"Mango","floor":37}],"campfire_choices":[{"floor":7,"key":"SMITH","data":"Defragment"},{"floor":10,"key":"SMITH","data":"Zap"},{"floor":15,"key":"SMITH","data":"Fusion"},{"floor":23,"key":"REST"},{"floor":25,"key":"SMITH","data":"Coolheaded"},{"floor":27,"key":"SMITH","data":"Doom and Gloom"},{"floor":30,"key":"REST"},{"floor":32,"key":"REST"}],"circlet_count":0,"win_rate":0,"killed_by":"Giant Head"}