{"play_id":"654e7930-2eb2-45e8-80f9-1450baf04f28","build_version":"2020-01-27","seed_played":"1087501178431762021","chose_seed":false,"seed_source_timestamp":2712212218938,"is_daily":false,"special_seed":null,"is_trial":false,"is_endless":false,"is_ascension_mode":true,"ascension_level":8,"neow_bonus":"TRANSFORM_TWO_CARDS","neow_cost":"NO_GOLD","is_beta":false,"is_prod":false,"victory":false,"floor_reached":16,"score":151,"timestamp":1699146781,"local_time":"11/05/2023 01:13:01","playtime":419,"player_experience":306942,"master_deck":["Strike_B","Strike_B","Strike_B","Defend_B","Defend_B+1","Defend_B","Zap","Dualcast","Electrodynamics+1","Streamline","Compile Driver","Genetic Algorithm","Capacitor"],"relics":["Cracked Core","Shovel","Bottled Tornado","Juzu Bracelet","White Beast Statue","Blue Candle","MawBank","Shuriken"],"gold":189,"campfire_rested":1,"campfire_upgraded":0,"purchased_purges":0,"potions_floor_spawned":[7,12,14],"potions_floor_usage":[14,14,16],"current_hp_per_floor":[68,68,68,68,68,68,42,27,27,27,27,14,14,2,24,0],"max_hp_per_floor":[75,75,75,75,75,75,75,75,75,75,75,75,75,75,75,75],"gold_per_floor":[19,19,36,36,56,56,91,91,91,91,91,114,126,165,177,189],"path_per_floor":["M","$","M","?","M","R","E","?","T","R","?","M","?","E","R","B"],"path_taken":["M","$","M","?","M","R","E","?","T","R","?","M","?","E","R","BOSS"],"items_purchased":[],"item_purchase_floors":[],"items_purged":[],"items_purged_floors":[],"character_chosen":"DEFECT","card_choices":[{"picked":"Streamline","not_picked":["Coolheaded","Leap"],"floor":1},{"picked":"SKIP","not_picked":["Storm","Conserve Battery","Cold Snap"],"floor":3},{"picked":"Compile Driver","not_picked":["Conserve Battery","Coolheaded"],"floor":5},{"picked":"Genetic Algorithm","not_picked":["Melter","Sunder"],"floor":7},{"picked":"SKIP","not_picked":["Stack","Cold Snap","FTL"],"floor":12},{"picked":"Capacitor","not_picked":["Stack","Heatsinks"],"floor":14}],"event_choices":[{"event_name":"WeMeetAgain","player_choice":"Gave Card","floor":4,"cards_obtained":null,"cards_removed":["Beam Cell"],"cards_transformed":null,"cards_upgraded":null,"relics_obtained":["Shovel"],"potions_obtained":null,"relics_lost":null,"damage_taken":0,"damage_healed":0,"max_hp_loss":0,"max_hp_gain":0,"gold_gain":0,"gold_loss":0},{"event_name":"Shining Light","player_choice":"Entered Light","floor":8,"cards_obtained":null,"cards_removed":null,"cards_transformed":null,"cards_upgraded":["Defend_B","Electrodynamics"],"relics_obtained":null,"potions_obtained":null,"relics_lost":null,"damage_taken":15,"damage_healed":0,"max_hp_loss":0,"max_hp_gain":0,"gold_gain":0,"gold_loss":0},{"event_name":"Big Fish","player_choice":"Box","floor":11,"cards_obtained":["Regret"],"cards_removed":null,"cards_transformed":null,"cards_upgraded":null,"relics_obtained":["MawBank"],"potions_obtained":null,"relics_lost":null,"damage_taken":0,"damage_healed":0,"max_hp_loss":0,"max_hp_gain":0,"gold_gain":0,"gold_loss":0},{"event_name":"Living Wall","player_choice":"Forget","floor":13,"cards_obtained":null,"cards_removed":["Regret"],"cards_transformed":null,"cards_upgraded":null,"relics_obtained":null,"potions_obtained":null,"relics_lost":null,"damage_taken":0,"damage_healed":0,"max_hp_loss":0,"max_hp_gain":0,"gold_gain":0,"gold_loss":0}],"boss_relics":[],"damage_taken":[{"floor":1,"enemies":"Cultist","damage":0,"turns":3},{"floor":3,"enemies":"2 Louse","damage":0,"turns":1},{"floor":5,"enemies":"Small Slimes","damage":0,"turns":2},{"floor":7,"enemies":"3 Sentries","damage":26,"turns":4},{"floor":12,"enemies":"Red Slaver","damage":13,"turns":2},{"floor":14,"enemies":"Gremlin Nob","damage":12,"turns":3},{"floor":16,"enemies":"Hexaghost","damage":27,"turns":9}],"potions_obtained":[{"key":"FocusPotion","floor":7},{"key":"Explosive Potion","floor":12},{"key":"Swift Potion","floor":14}],"relics_obtained":[{"key":"Bottled Tornado","floor":6},{"key":"Juzu Bracelet","floor":7},{"key":"White Beast Statue","floor":9},{"key":"Blue Candle","floor":10},{"key":"Shuriken","floor":14}],"campfire_choices":[{"floor":6,"key":"DIG"},{"floor":10,"key":"DIG"},{"floor":15,"key":"REST"}],"circlet_count":0,"win_rate":0,"killed_by":"Hexaghost"}