{"play_id":"19263c61-06fc-497b-8d3f-0da484b14d2c","build_version":"2020-01-27","seed_played":"-4436341703739718185","chose_seed":false,"seed_source_timestamp":2873651578847,"is_daily":false,"special_seed":null,"is_trial":false,"is_endless":false,"is_ascension_mode":true,"ascension_level":8,"neow_bonus":"THREE_RARE_CARDS","neow_cost":"PERCENT_DAMAGE","is_beta":false,"is_prod":false,"victory":false,"floor_reached":8,"score":64,"timestamp":1699190457,"local_time":"11/05/2023 13:20:57","playtime":351,"player_experience":309744,"master_deck":["Strike_B","Strike_B","Defend_B","Defend_B","Defend_B","Defend_B","Zap","Dualcast","Echo Form","Chaos+1","Barrage"],"relics":["Cracked Core"],"gold":172,"campfire_rested":0,"campfire_upgraded":1,"purchased_purges":0,"potions_floor_spawned":[1],"potions_floor_usage":[8],"current_hp_per_floor":[48,48,48,48,40,40,29,0],"max_hp_per_floor":[75,75,75,75,75,75,75,75],"gold_per_floor":[119,69,69,86,97,97,172,172],"path_per_floor":["M","?","?","M","M","R","?","E"],"path_taken":["M","?","?","?","M","R","?","E"],"items_purchased":[],"item_purchase_floors":[],"items_purged":[],"items_purged_floors":[],"character_chosen":"DEFECT","card_choices":[{"picked":"Echo Form","not_picked":["Hyperbeam","Biased Cognition"],"floor":0},{"picked":"Chaos","not_picked":["Loop","Conserve Battery"],"floor":1},{"picked":"SKIP","not_picked":["Hologram","Stack","Storm"],"floor":4},{"picked":"SKIP","not_picked":["Go for the Eyes","Gash","Rip and Tear"],"floor":5}],"event_choices":[{"event_name":"The Cleric","player_choice":"Card Removal","floor":2,"cards_obtained":null,"cards_removed":["Strike_B"],"cards_transformed":null,"cards_upgraded":null,"relics_obtained":null,"potions_obtained":null,"relics_lost":null,"damage_taken":0,"damage_healed":0,"max_hp_loss":0,"max_hp_gain":0,"gold_gain":0,"gold_loss":50},{"event_name":"Transmorgrifier","player_choice":"Transformed","floor":3,"cards_obtained":["Barrage"],"cards_removed":null,"cards_transformed":["Strike_B"],"cards_upgraded":null,"relics_obtained":null,"potions_obtained":null,"relics_lost":null,"damage_taken":0,"damage_healed":0,"max_hp_loss":0,"max_hp_gain":0,"gold_gain":0,"gold_loss":0},{"event_name":"World of Goop","player_choice":"Gather Gold","floor":7,"cards_obtained":null,"cards_removed":null,"cards_transformed":null,"cards_upgraded":null,"relics_obtained":null,"potions_obtained":null,"relics_lost":null,"damage_taken":11,"damage_healed":0,"max_hp_loss":0,"max_hp_gain":0,"gold_gain":75,"gold_loss":0}],"boss_relics":[],"damage_taken":[{"floor":1,"enemies":"2 Louse","damage":2,"turns":3},{"floor":4,"enemies":"Cultist","damage":0,"turns":4},{"floor":5,"enemies":"Small Slimes","damage":8,"turns":3},{"floor":8,"enemies":"Gremlin Nob","damage":30,"turns":3}],"potions_obtained":[{"key":"PowerPotion","floor":1}],"relics_obtained":[],"campfire_choices":[{"floor":6,"key":"SMITH","data":"Chaos"}],"circlet_count":0,"win_rate":0,"killed_by":"Gremlin Nob"}