{"play_id":"4d553760-38db-4dc7-8749-9a78a20650b0","build_version":"2020-01-27","seed_played":"-3647407897515790635","chose_seed":false,"seed_source_timestamp":0,"is_daily":false,"special_seed":0,"is_trial":false,"is_endless":false,"is_ascension_mode":true,"ascension_level":8,"neow_bonus":"THREE_ENEMY_KILL","neow_cost":"NONE","is_beta":false,"is_prod":false,"victory":false,"floor_reached":40,"score":740,"timestamp":1699189607,"local_time":"11/05/2023 13:06:47","playtime":1817,"player_experience":307927,"master_deck":["Strike_B","Strike_B","Defend_B","Defend_B","Zap","Dualcast+1","Gash+1","Gash+1","Electrodynamics+1","Genetic Algorithm+1","Thunder Strike+1","Gash","Loop","Glacier","Gash","All For One","Fission"],"relics":["Cracked Core","NeowsBlessing","Juzu Bracelet","Potion Belt","Strawberry","Pear","Runic Pyramid","GremlinMask","Turnip","Boot","Question Card","WingedGreaves","Inserter","Red Mask"],"gold":12,"campfire_rested":0,"campfire_upgraded":4,"purchased_purges":2,"potions_floor_spawned":[1,4,16,25,33,35],"potions_floor_usage":[33,35,40],"current_hp_per_floor":[68,68,61,61,75,75,75,65,72,72,72,77,52,33,33,33,81,80,80,80,80,58,58,48,16,16,6,6,38,38,38,38,7,75,75,75,75,75,67,0],"max_hp_per_floor":[75,75,75,75,75,75,75,75,82,82,82,87,97,97,97,97,97,97,97,97,97,97,97,97,97,97,97,97,97,97,97,97,97,97,97,97,97,97,97,97],"gold_per_floor":[110,35,35,48,13,43,59,84,109,9,9,9,38,38,38,134,134,145,53,53,53,69,69,102,116,143,158,0,0,0,0,0,100,100,115,66,0,0,12,12],"path_per_floor":["M","$","?","M","?","E","M","E","T","$","R","?","E","?","R","B","ul","M","$","?","?","M","R","E","M","T","M","?","?","T","T","R","B",null,"M","$","?","?","M","E"],"path_taken":["M","$","?","M","?","E","M","E","T","$","R","?","E","?","R","BOSS","M","$","?","?","M","R","E","M","T","M","?","?","?","?","R","BOSS","M","$","?","?","M","E"],"items_purchased":["Gash","Loop","PowerPotion"],"item_purchase_floors":[19,19,36],"items_purged":["Strike_B","Strike_B"],"items_purged_floors":[2,10],"character_chosen":"DEFECT","card_choices":[{"picked":"Gash","not_picked":["FTL","Steam"],"floor":1},{"picked":"Gash","not_picked":["Genetic Algorithm","Scrape"],"floor":4},{"picked":"Electrodynamics","not_picked":["Glacier","Doom and Gloom"],"floor":6},{"picked":"SKIP","not_picked":["Melter","Beam Cell","Steam"],"floor":7},{"picked":"Genetic Algorithm","not_picked":["Steam Power","Rebound"],"floor":8},{"picked":"SKIP","not_picked":["Lockon","Go for the Eyes","Leap"],"floor":13},{"picked":"Thunder Strike","not_picked":["Meteor Strike","Amplify"],"floor":16},{"picked":"SKIP","not_picked":["Reinforced Body+1","Leap","Rebound"],"floor":18},{"picked":"Glacier","not_picked":["Reprogram+1","Sweeping Beam"],"floor":22},{"picked":"SKIP","not_picked":["Rebound+1","Leap","Sweeping Beam"],"floor":24},{"picked":"SKIP","not_picked":["Force Field","Undo","Sunder"],"floor":25},{"picked":"Gash","not_picked":["Auto Shields+1","Conserve Battery"],"floor":27},{"picked":"All For One","not_picked":["Core Surge","Machine Learning","Multi-Cast"],"floor":33},{"picked":"Fission","not_picked":["Turbo+1","Steam","Barrage"],"floor":35},{"picked":"SKIP","not_picked":["Lockon","Conserve Battery+1","Go for the Eyes+1","Rip and Tear+1"],"floor":39}],"event_choices":[{"event_name":"Golden Wing","player_choice":"Card Removal","floor":3,"cards_obtained":null,"cards_removed":["Defend_B"],"cards_transformed":null,"cards_upgraded":null,"relics_obtained":null,"potions_obtained":null,"relics_lost":null,"damage_taken":7,"damage_healed":0,"max_hp_loss":0,"max_hp_gain":0,"gold_gain":0,"gold_loss":0},{"event_name":"The Cleric","player_choice":"Healed","floor":5,"cards_obtained":null,"cards_removed":null,"cards_transformed":null,"cards_upgraded":null,"relics_obtained":null,"potions_obtained":null,"relics_lost":null,"damage_taken":0,"damage_healed":18,"max_hp_loss":0,"max_hp_gain":0,"gold_gain":0,"gold_loss":35},{"event_name":"Big Fish","player_choice":"Donut","floor":12,"cards_obtained":null,"cards_removed":null,"cards_transformed":null,"cards_upgraded":null,"relics_obtained":null,"potions_obtained":null,"relics_lost":null,"damage_taken":0,"damage_healed":0,"max_hp_loss":0,"max_hp_gain":5,"gold_gain":0,"gold_loss":0},{"event_name":"Shining Light","player_choice":"Entered Light","floor":14,"cards_obtained":null,"cards_removed":null,"cards_transformed":null,"cards_upgraded":["Gash","Dualcast"],"relics_obtained":null,"potions_obtained":null,"relics_lost":null,"damage_taken":19,"damage_healed":0,"max_hp_loss":0,"max_hp_gain":0,"gold_gain":0,"gold_loss":0},{"event_name":"Cursed Tome","player_choice":"Ignored","floor":20,"cards_obtained":null,"cards_removed":null,"cards_transformed":null,"cards_upgraded":null,"relics_obtained":null,"potions_obtained":null,"relics_lost":null,"damage_taken":0,"damage_healed":0,"max_hp_loss":0,"max_hp_gain":0,"gold_gain":0,"gold_loss":0},{"event_name":"FaceTrader","player_choice":"Trade","floor":21,"cards_obtained":null,"cards_removed":null,"cards_transformed":null,"cards_upgraded":null,"relics_obtained":["GremlinMask"],"potions_obtained":null,"relics_lost":null,"damage_taken":0,"damage_healed":0,"max_hp_loss":0,"max_hp_gain":0,"gold_gain":0,"gold_loss":0},{"event_name":"Masked Bandits","player_choice":"Paid Fearfully","floor":28,"cards_obtained":null,"cards_removed":null,"cards_transformed":null,"cards_upgraded":null,"relics_obtained":null,"potions_obtained":null,"relics_lost":null,"damage_taken":0,"damage_healed":0,"max_hp_loss":0,"max_hp_gain":0,"gold_gain":0,"gold_loss":158},{"event_name":"The Library","player_choice":"Heal","floor":29,"cards_obtained":null,"cards_removed":null,"cards_transformed":null,"cards_upgraded":null,"relics_obtained":null,"potions_obtained":null,"relics_lost":null,"damage_taken":0,"damage_healed":32,"max_hp_loss":0,"max_hp_gain":0,"gold_gain":0,"gold_loss":0},{"event_name":"Tomb of Lord Red Mask","player_choice":"Paid","floor":37,"cards_obtained":null,"cards_removed":null,"cards_transformed":null,"cards_upgraded":null,"relics_obtained":["Red Mask"],"potions_obtained":null,"relics_lost":null,"damage_taken":0,"damage_healed":0,"max_hp_loss":0,"max_hp_gain":0,"gold_gain":0,"gold_loss":66},{"event_name":"Falling","player_choice":"Removed Skill","floor":38,"cards_obtained":null,"cards_removed":["Defend_B"],"cards_transformed":null,"cards_upgraded":null,"relics_obtained":null,"potions_obtained":null,"relics_lost":null,"damage_taken":0,"damage_healed":0,"max_hp_loss":0,"max_hp_gain":0,"gold_gain":0,"gold_loss":0}],"boss_relics":[{"picked":"Runic Pyramid","not_picked":["Snecko Eye","Black Star"]},{"picked":"Inserter","not_picked":["Sozu","Nuclear Battery"]}],"damage_taken":[{"floor":1,"enemies":"Jaw Worm","damage":0,"turns":1},{"floor":4,"enemies":"Small Slimes","damage":0,"turns":1},{"floor":6,"enemies":"3 Sentries","damage":0,"turns":1},{"floor":7,"enemies":"2 Louse","damage":0,"turns":1},{"floor":8,"enemies":"Gremlin Nob","damage":10,"turns":3},{"floor":13,"enemies":"Lagavulin","damage":35,"turns":6},{"floor":16,"enemies":"Slime Boss","damage":0,"turns":7},{"floor":18,"enemies":"Spheric Guardian","damage":1,"turns":3},{"floor":22,"enemies":"2 Thieves","damage":22,"turns":3},{"floor":24,"enemies":"Slavers","damage":10,"turns":4},{"floor":25,"enemies":"Snake Plant","damage":32,"turns":5},{"floor":27,"enemies":"Shelled Parasite and Fungi","damage":10,"turns":4},{"floor":33,"enemies":"Champ","damage":31,"turns":8},{"floor":35,"enemies":"Orb Walker","damage":0,"turns":3},{"floor":39,"enemies":"3 Shapes","damage":8,"turns":6},{"floor":40,"enemies":"Reptomancer","damage":67,"turns":5}],"potions_obtained":[{"key":"Explosive Potion","floor":1},{"key":"SteroidPotion","floor":4},{"key":"FearPotion","floor":16},{"key":"Dexterity Potion","floor":25},{"key":"SkillPotion","floor":33},{"key":"FearPotion","floor":35}],"relics_obtained":[{"key":"Juzu Bracelet","floor":6},{"key":"Potion Belt","floor":8},{"key":"Strawberry","floor":9},{"key":"Pear","floor":13},{"key":"Turnip","floor":24},{"key":"Boot","floor":26},{"key":"Question Card","floor":30},{"key":"WingedGreaves","floor":31}],"campfire_choices":[{"floor":11,"key":"SMITH","data":"Genetic Algorithm"},{"floor":15,"key":"SMITH","data":"Gash"},{"floor":23,"key":"SMITH","data":"Electrodynamics"},{"floor":32,"key":"SMITH","data":"Thunder Strike"}],"circlet_count":0,"win_rate":0,"killed_by":"Reptomancer"}