{"play_id":"3b31a57f-295b-438a-ae23-cbd63b1fcb96","build_version":"2020-01-27","seed_played":"-3618600646916108986","chose_seed":false,"seed_source_timestamp":2570834293802,"is_daily":false,"special_seed":null,"is_trial":false,"is_endless":false,"is_ascension_mode":true,"ascension_level":8,"neow_bonus":"BOSS_RELIC","neow_cost":"NONE","is_beta":false,"is_prod":false,"victory":false,"floor_reached":13,"score":122,"timestamp":1699114698,"local_time":"11/04/2023 16:18:18","playtime":455,"player_experience":300681,"master_deck":["Strike_B","Strike_B","Strike_B","Defend_B","Defend_B","Defend_B","Zap+1","Dualcast","Undo","Doom and Gloom","Conserve Battery","Lockon","Darkness","White Noise"],"relics":["Ectoplasm","Pantograph","PreservedInsect"],"gold":0,"campfire_rested":0,"campfire_upgraded":1,"purchased_purges":0,"potions_floor_spawned":[1],"potions_floor_usage":[7],"current_hp_per_floor":[54,43,36,36,61,61,30,30,30,13,13,13,0],"max_hp_per_floor":[75,75,75,75,75,75,75,75,75,75,75,75,75],"gold_per_floor":[99,99,99,0,0,0,0,0,0,0,0,0,0],"path_per_floor":["M","?","?","$","?","R","E","$","T","E","$","?","E"],"path_taken":["M","?","?","$","?","R","E","$","T","E","?","?","E"],"items_purchased":["Doom and Gloom","Conserve Battery"],"item_purchase_floors":[4,4],"items_purged":[],"items_purged_floors":[],"character_chosen":"DEFECT","card_choices":[{"picked":"Undo","not_picked":["Skim","Coolheaded"],"floor":1},{"picked":"Lockon","not_picked":["Sweeping Beam","Storm"],"floor":7},{"picked":"Darkness","not_picked":["Chill","Loop"],"floor":10}],"event_choices":[{"event_name":"World of Goop","player_choice":"Gather Gold","floor":2,"cards_obtained":null,"cards_removed":null,"cards_transformed":null,"cards_upgraded":null,"relics_obtained":null,"potions_obtained":null,"relics_lost":null,"damage_taken":11,"damage_healed":0,"max_hp_loss":0,"max_hp_gain":0,"gold_gain":75,"gold_loss":0},{"event_name":"Golden Wing","player_choice":"Card Removal","floor":3,"cards_obtained":null,"cards_removed":["Defend_B"],"cards_transformed":null,"cards_upgraded":null,"relics_obtained":null,"potions_obtained":null,"relics_lost":null,"damage_taken":7,"damage_healed":0,"max_hp_loss":0,"max_hp_gain":0,"gold_gain":0,"gold_loss":0},{"event_name":"Big Fish","player_choice":"Banana","floor":5,"cards_obtained":null,"cards_removed":null,"cards_transformed":null,"cards_upgraded":null,"relics_obtained":null,"potions_obtained":null,"relics_lost":null,"damage_taken":0,"damage_healed":25,"max_hp_loss":0,"max_hp_gain":0,"gold_gain":0,"gold_loss":0},{"event_name":"Living Wall","player_choice":"Change","floor":12,"cards_obtained":["White Noise"],"cards_removed":null,"cards_transformed":["Strike_B"],"cards_upgraded":null,"relics_obtained":null,"potions_obtained":null,"relics_lost":null,"damage_taken":0,"damage_healed":0,"max_hp_loss":0,"max_hp_gain":0,"gold_gain":0,"gold_loss":0}],"boss_relics":[],"damage_taken":[{"floor":1,"enemies":"Jaw Worm","damage":14,"turns":4},{"floor":7,"enemies":"Gremlin Nob","damage":31,"turns":5},{"floor":10,"enemies":"3 Sentries","damage":17,"turns":8},{"floor":13,"enemies":"Lagavulin","damage":13,"turns":3}],"potions_obtained":[{"key":"GamblersBrew","floor":1}],"relics_obtained":[{"key":"Pantograph","floor":7},{"key":"PreservedInsect","floor":10}],"campfire_choices":[{"floor":6,"key":"SMITH","data":"Zap"}],"circlet_count":0,"win_rate":0,"killed_by":"Lagavulin"}