{"play_id":"882cbab4-63bd-4c4f-a1ef-9a8b694749f7","build_version":"2020-01-27","seed_played":"-4115776463473186753","chose_seed":false,"seed_source_timestamp":2717352232646,"is_daily":false,"special_seed":null,"is_trial":false,"is_endless":false,"is_ascension_mode":true,"ascension_level":8,"neow_bonus":"ONE_RARE_RELIC","neow_cost":"NO_GOLD","is_beta":false,"is_prod":false,"victory":false,"floor_reached":14,"score":137,"timestamp":1699151519,"local_time":"11/05/2023 02:31:59","playtime":566,"player_experience":307361,"master_deck":["Strike_B+1","Defend_B","Defend_B","Defend_B","Defend_B","Zap","Dualcast","Chaos","Static Discharge+1","Doom and Gloom+1","Streamline+1"],"relics":["Cracked Core","Mango","Nunchaku","Whetstone","Molten Egg 2","Cables"],"gold":111,"campfire_rested":0,"campfire_upgraded":1,"purchased_purges":1,"potions_floor_spawned":[1,10,12],"potions_floor_usage":[6,12],"current_hp_per_floor":[82,82,82,77,77,48,48,33,33,13,13,5,5,0],"max_hp_per_floor":[89,89,89,89,89,89,89,89,89,89,89,89,89,89],"gold_per_floor":[13,113,38,50,0,26,26,44,71,96,96,111,111,111],"path_per_floor":["M","?","$","M","?","E","R","M","T","E","?","M","T","E"],"path_taken":["M","?","$","?","?","E","R","M","T","E","?","M","?","E"],"items_purchased":[],"item_purchase_floors":[],"items_purged":["Strike_B"],"items_purged_floors":[3],"character_chosen":"DEFECT","card_choices":[{"picked":"Chaos","not_picked":["Scrape","Self Repair"],"floor":1},{"picked":"Static Discharge","not_picked":["Consume","Sweeping Beam"],"floor":4},{"picked":"SKIP","not_picked":["Cold Snap","Skim","Doom and Gloom"],"floor":6},{"picked":"Doom and Gloom","not_picked":["Beam Cell","Conserve Battery"],"floor":8},{"picked":"SKIP","not_picked":["Turbo","Stack","BootSequence"],"floor":10},{"picked":"Streamline+1","not_picked":["Conserve Battery","Lockon+1"],"floor":12}],"event_choices":[{"event_name":"Golden Shrine","player_choice":"Pray","floor":2,"cards_obtained":null,"cards_removed":null,"cards_transformed":null,"cards_upgraded":null,"relics_obtained":null,"potions_obtained":null,"relics_lost":null,"damage_taken":0,"damage_healed":0,"max_hp_loss":0,"max_hp_gain":0,"gold_gain":100,"gold_loss":0},{"event_name":"The Cleric","player_choice":"Card Removal","floor":5,"cards_obtained":null,"cards_removed":["Strike_B"],"cards_transformed":null,"cards_upgraded":null,"relics_obtained":null,"potions_obtained":null,"relics_lost":null,"damage_taken":0,"damage_healed":0,"max_hp_loss":0,"max_hp_gain":0,"gold_gain":0,"gold_loss":50},{"event_name":"Living Wall","player_choice":"Forget","floor":11,"cards_obtained":null,"cards_removed":["Strike_B"],"cards_transformed":null,"cards_upgraded":null,"relics_obtained":null,"potions_obtained":null,"relics_lost":null,"damage_taken":0,"damage_healed":0,"max_hp_loss":0,"max_hp_gain":0,"gold_gain":0,"gold_loss":0}],"boss_relics":[],"damage_taken":[{"floor":1,"enemies":"Cultist","damage":0,"turns":3},{"floor":4,"enemies":"Small Slimes","damage":5,"turns":3},{"floor":6,"enemies":"Gremlin Nob","damage":29,"turns":3},{"floor":8,"enemies":"2 Louse","damage":15,"turns":2},{"floor":10,"enemies":"Lagavulin","damage":20,"turns":5},{"floor":12,"enemies":"Blue Slaver","damage":8,"turns":3},{"floor":14,"enemies":"Gremlin Nob","damage":16,"turns":2}],"potions_obtained":[{"key":"AttackPotion","floor":1},{"key":"Explosive Potion","floor":10},{"key":"Energy Potion","floor":12}],"relics_obtained":[{"key":"Nunchaku","floor":6},{"key":"Whetstone","floor":9},{"key":"Molten Egg 2","floor":10},{"key":"Cables","floor":13}],"campfire_choices":[{"floor":7,"key":"SMITH","data":"Static Discharge"}],"circlet_count":0,"win_rate":0,"killed_by":"Gremlin Nob"}