{"play_id":"eed81728-1a24-4a5d-8653-b82116529c35","build_version":"2020-01-27","seed_played":"3196779803732144929","chose_seed":false,"seed_source_timestamp":2652637612029,"is_daily":false,"special_seed":null,"is_trial":false,"is_endless":false,"is_ascension_mode":true,"ascension_level":8,"neow_bonus":"ONE_RANDOM_RARE_CARD","neow_cost":"NONE","is_beta":false,"is_prod":false,"victory":false,"floor_reached":16,"score":160,"timestamp":1699135646,"local_time":"11/04/2023 22:07:26","playtime":383,"player_experience":304559,"master_deck":["Strike_B","Strike_B","Defend_B","Defend_B","Defend_B","Defend_B","Zap+1","Dualcast+1","All For One","Ball Lightning","Static Discharge","Ball Lightning","Ball Lightning","Capacitor"],"relics":["Cracked Core","Art of War","Golden Idol","The Courier","Bag of Marbles","Tiny Chest","Dream Catcher","Singing Bowl"],"gold":133,"campfire_rested":1,"campfire_upgraded":2,"purchased_purges":0,"potions_floor_spawned":[1,8,10],"potions_floor_usage":[7,10,13],"current_hp_per_floor":[56,53,53,53,53,53,33,32,32,7,7,27,4,4,4,0],"max_hp_per_floor":[75,75,69,69,69,69,69,69,69,69,69,69,71,71,71,71],"gold_per_floor":[111,111,111,26,26,26,69,83,109,147,147,147,183,133,133,133],"path_per_floor":["M","?","?","$","?","R","E","M","T","E","T","R","E","?","R","B"],"path_taken":["M","?","?","$","?","R","E","?","T","E","?","R","E","?","R","BOSS"],"items_purchased":["Static Discharge","Ball Lightning"],"item_purchase_floors":[4,4],"items_purged":[],"items_purged_floors":[],"character_chosen":"DEFECT","card_choices":[{"picked":"Ball Lightning","not_picked":["Storm","Glacier"],"floor":1},{"picked":"SKIP","not_picked":["Ball Lightning","Compile Driver","Cold Snap"],"floor":7},{"picked":"Ball Lightning","not_picked":["Sweeping Beam","Conserve Battery"],"floor":8},{"picked":"Capacitor","not_picked":["Hello World","Stack"],"floor":10},{"picked":"Singing Bowl","not_picked":["Hologram","Seek","White Noise"],"floor":13}],"event_choices":[{"event_name":"Scrap Ooze","player_choice":"Success","floor":2,"cards_obtained":null,"cards_removed":null,"cards_transformed":null,"cards_upgraded":null,"relics_obtained":["Art of War"],"potions_obtained":null,"relics_lost":null,"damage_taken":3,"damage_healed":0,"max_hp_loss":0,"max_hp_gain":0,"gold_gain":0,"gold_loss":0},{"event_name":"Golden Idol","player_choice":"Lose Max HP","floor":3,"cards_obtained":null,"cards_removed":null,"cards_transformed":null,"cards_upgraded":null,"relics_obtained":["Golden Idol"],"potions_obtained":null,"relics_lost":null,"damage_taken":0,"damage_healed":0,"max_hp_loss":6,"max_hp_gain":0,"gold_gain":0,"gold_loss":0},{"event_name":"Living Wall","player_choice":"Forget","floor":5,"cards_obtained":null,"cards_removed":["Strike_B"],"cards_transformed":null,"cards_upgraded":null,"relics_obtained":null,"potions_obtained":null,"relics_lost":null,"damage_taken":0,"damage_healed":0,"max_hp_loss":0,"max_hp_gain":0,"gold_gain":0,"gold_loss":0},{"event_name":"The Cleric","player_choice":"Card Removal","floor":14,"cards_obtained":null,"cards_removed":["Strike_B"],"cards_transformed":null,"cards_upgraded":null,"relics_obtained":null,"potions_obtained":null,"relics_lost":null,"damage_taken":0,"damage_healed":0,"max_hp_loss":0,"max_hp_gain":0,"gold_gain":0,"gold_loss":50}],"boss_relics":[],"damage_taken":[{"floor":1,"enemies":"Jaw Worm","damage":12,"turns":2},{"floor":7,"enemies":"Lagavulin","damage":20,"turns":4},{"floor":8,"enemies":"2 Louse","damage":1,"turns":2},{"floor":10,"enemies":"3 Sentries","damage":25,"turns":3},{"floor":13,"enemies":"Lagavulin","damage":25,"turns":6},{"floor":16,"enemies":"The Guardian","damage":5,"turns":2}],"potions_obtained":[{"key":"PowerPotion","floor":1},{"key":"BlessingOfTheForge","floor":8},{"key":"Weak Potion","floor":10}],"relics_obtained":[{"key":"The Courier","floor":7},{"key":"Bag of Marbles","floor":9},{"key":"Tiny Chest","floor":10},{"key":"Dream Catcher","floor":11},{"key":"Singing Bowl","floor":13}],"campfire_choices":[{"floor":6,"key":"SMITH","data":"Zap"},{"floor":12,"key":"REST"},{"floor":15,"key":"SMITH","data":"Dualcast"}],"circlet_count":0,"win_rate":0,"killed_by":"The Guardian"}