{"play_id":"fdc59ef9-4189-4dcd-a19c-80a8823fb620","build_version":"2020-01-27","seed_played":"3389388208996844456","chose_seed":false,"seed_source_timestamp":2702422414096,"is_daily":false,"special_seed":null,"is_trial":false,"is_endless":false,"is_ascension_mode":true,"ascension_level":8,"neow_bonus":"TEN_PERCENT_HP_BONUS","neow_cost":"NONE","is_beta":false,"is_prod":false,"victory":false,"floor_reached":16,"score":207,"timestamp":1699145539,"local_time":"11/05/2023 00:52:19","playtime":490,"player_experience":306452,"master_deck":["Strike_B","Strike_B","Strike_B","Defend_B","Defend_B","Defend_B","Defend_B","Zap","Dualcast","Streamline+1","Coolheaded"],"relics":["Cracked Core","Singing Bowl","Juzu Bracelet","Ice Cream","Pear","MawBank"],"gold":99,"campfire_rested":1,"campfire_upgraded":1,"purchased_purges":1,"potions_floor_spawned":[1,6,10,14],"potions_floor_usage":[6,7,13,16],"current_hp_per_floor":[73,73,72,67,72,46,47,47,47,43,53,53,33,5,37,0],"max_hp_per_floor":[82,82,82,82,87,89,91,91,91,93,103,103,105,107,107,107],"gold_per_floor":[116,216,232,243,243,271,284,338,338,358,22,22,51,75,87,99],"path_per_floor":["M","?","M","M","?","E","M","T","T","M","$","R","E","M","R","B"],"path_taken":["M","?","M","?","?","E","M","?","T","M","$","R","E","M","R","BOSS"],"items_purchased":["Pear"],"item_purchase_floors":[11],"items_purged":["Strike_B"],"items_purged_floors":[11],"character_chosen":"DEFECT","card_choices":[{"picked":"Streamline","not_picked":["Hello World","Sweeping Beam"],"floor":1},{"picked":"SKIP","not_picked":["Rebound","Skim","Capacitor"],"floor":3},{"picked":"Coolheaded","not_picked":["Reprogram","Cold Snap"],"floor":4},{"picked":"Singing Bowl","not_picked":["Rebound","Static Discharge","Coolheaded"],"floor":6},{"picked":"Singing Bowl","not_picked":["Barrage","Storm","Defragment"],"floor":7},{"picked":"Singing Bowl","not_picked":["Fusion","Melter","Darkness"],"floor":10},{"picked":"Singing Bowl","not_picked":["Melter","Stack","Amplify"],"floor":13},{"picked":"Singing Bowl","not_picked":["Cold Snap","Melter","Double Energy"],"floor":14}],"event_choices":[{"event_name":"Golden Shrine","player_choice":"Pray","floor":2,"cards_obtained":null,"cards_removed":null,"cards_transformed":null,"cards_upgraded":null,"relics_obtained":null,"potions_obtained":null,"relics_lost":null,"damage_taken":0,"damage_healed":0,"max_hp_loss":0,"max_hp_gain":0,"gold_gain":100,"gold_loss":0},{"event_name":"Big Fish","player_choice":"Donut","floor":5,"cards_obtained":null,"cards_removed":null,"cards_transformed":null,"cards_upgraded":null,"relics_obtained":null,"potions_obtained":null,"relics_lost":null,"damage_taken":0,"damage_healed":0,"max_hp_loss":0,"max_hp_gain":5,"gold_gain":0,"gold_loss":0}],"boss_relics":[],"damage_taken":[{"floor":1,"enemies":"2 Louse","damage":2,"turns":3},{"floor":3,"enemies":"Cultist","damage":1,"turns":3},{"floor":4,"enemies":"Small Slimes","damage":5,"turns":3},{"floor":6,"enemies":"3 Sentries","damage":28,"turns":8},{"floor":7,"enemies":"Exordium Thugs","damage":1,"turns":5},{"floor":10,"enemies":"3 Louse","damage":6,"turns":2},{"floor":13,"enemies":"Lagavulin","damage":22,"turns":5},{"floor":14,"enemies":"Exordium Wildlife","damage":30,"turns":5},{"floor":16,"enemies":"Slime Boss","damage":47,"turns":6}],"potions_obtained":[{"key":"Block Potion","floor":1},{"key":"Fire Potion","floor":6},{"key":"DistilledChaos","floor":10},{"key":"SpeedPotion","floor":14}],"relics_obtained":[{"key":"Singing Bowl","floor":6},{"key":"Juzu Bracelet","floor":8},{"key":"Ice Cream","floor":9},{"key":"MawBank","floor":13}],"campfire_choices":[{"floor":12,"key":"SMITH","data":"Streamline"},{"floor":15,"key":"REST"}],"circlet_count":0,"win_rate":0,"killed_by":"Slime Boss"}