{"play_id":"85c2f423-a00d-459b-b3ff-c97060b0bfc8","build_version":"2020-01-27","seed_played":"-5285402076933180576","chose_seed":false,"seed_source_timestamp":1959023802714,"is_daily":false,"special_seed":null,"is_trial":false,"is_endless":false,"is_ascension_mode":true,"ascension_level":9,"neow_bonus":"BOSS_RELIC","neow_cost":"NONE","is_beta":false,"is_prod":false,"victory":false,"floor_reached":13,"score":132,"timestamp":1699965434,"local_time":"11/14/2023 12:37:14","playtime":378,"player_experience":349870,"master_deck":["Strike_B","Strike_B","Defend_B","Defend_B","Defend_B","Zap","Dualcast","Static Discharge+1","Gash+1","Lockon+1","Streamline+1"],"relics":["Empty Cage","Molten Egg 2","Strawberry","Omamori","Letter Opener","White Beast Statue"],"gold":54,"campfire_rested":0,"campfire_upgraded":1,"purchased_purges":1,"potions_floor_spawned":[4,11],"potions_floor_usage":[6,13],"current_hp_per_floor":[68,73,70,63,63,38,38,38,38,2,1,1,0],"max_hp_per_floor":[75,80,80,80,80,87,87,87,87,87,87,87,87],"gold_per_floor":[118,118,118,138,63,98,198,198,252,282,296,54,54],"path_per_floor":["M","?","?","M","$","E","?","R","T","E","M","$","E"],"path_taken":["M","?","?","M","$","E","?","R","T","E","M","$","E"],"items_purchased":["White Beast Statue"],"item_purchase_floors":[12],"items_purged":["Strike_B"],"items_purged_floors":[5],"character_chosen":"DEFECT","card_choices":[{"picked":"Static Discharge","not_picked":["Go for the Eyes","Tempest"],"floor":1},{"picked":"SKIP","not_picked":["Beam Cell+1","Storm","Hologram"],"floor":4},{"picked":"Gash+1","not_picked":["Go for the Eyes+1","All For One+1"],"floor":6},{"picked":"Lockon+1","not_picked":["Turbo","Auto Shields"],"floor":10},{"picked":"Streamline+1","not_picked":["Barrage+1","Aggregate"],"floor":11}],"event_choices":[{"event_name":"Big Fish","player_choice":"Donut","floor":2,"cards_obtained":null,"cards_removed":null,"cards_transformed":null,"cards_upgraded":null,"relics_obtained":null,"potions_obtained":null,"relics_lost":null,"damage_taken":0,"damage_healed":0,"max_hp_loss":0,"max_hp_gain":5,"gold_gain":0,"gold_loss":0},{"event_name":"Scrap Ooze","player_choice":"Success","floor":3,"cards_obtained":null,"cards_removed":null,"cards_transformed":null,"cards_upgraded":null,"relics_obtained":["Molten Egg 2"],"potions_obtained":null,"relics_lost":null,"damage_taken":3,"damage_healed":0,"max_hp_loss":0,"max_hp_gain":0,"gold_gain":0,"gold_loss":0},{"event_name":"Wheel of Change","player_choice":"Gold","floor":7,"cards_obtained":null,"cards_removed":null,"cards_transformed":null,"cards_upgraded":null,"relics_obtained":null,"potions_obtained":null,"relics_lost":null,"damage_taken":0,"damage_healed":0,"max_hp_loss":0,"max_hp_gain":0,"gold_gain":100,"gold_loss":0}],"boss_relics":[],"damage_taken":[{"floor":1,"enemies":"2 Louse","damage":0,"turns":2},{"floor":4,"enemies":"Small Slimes","damage":7,"turns":3},{"floor":6,"enemies":"Lagavulin","damage":32,"turns":8},{"floor":10,"enemies":"Gremlin Nob","damage":36,"turns":4},{"floor":11,"enemies":"Cultist","damage":1,"turns":3},{"floor":13,"enemies":"3 Sentries","damage":3,"turns":1}],"potions_obtained":[{"key":"Energy Potion","floor":4},{"key":"Dexterity Potion","floor":11}],"relics_obtained":[{"key":"Strawberry","floor":6},{"key":"Omamori","floor":9},{"key":"Letter Opener","floor":10}],"campfire_choices":[{"floor":8,"key":"SMITH","data":"Static Discharge"}],"circlet_count":0,"win_rate":0,"killed_by":"3 Sentries"}