{"play_id":"80f3aa06-29e1-44f6-890e-b143ddd6e1cf","build_version":"2020-01-27","seed_played":"-8657615280755239878","chose_seed":false,"seed_source_timestamp":2618766375325,"is_daily":false,"special_seed":null,"is_trial":false,"is_endless":false,"is_ascension_mode":true,"ascension_level":8,"neow_bonus":"THREE_ENEMY_KILL","neow_cost":"NONE","is_beta":false,"is_prod":false,"victory":false,"floor_reached":20,"score":298,"timestamp":1699131130,"local_time":"11/04/2023 20:52:10","playtime":867,"player_experience":302516,"master_deck":["Strike_B+1","Defend_B","Defend_B","Zap","Dualcast","Gash","Rebound","Recycle","Electrodynamics+1","Thunder Strike","Loop+1","Electrodynamics+1","Sweeping Beam+1","Reboot+1","Genetic Algorithm+1","Capacitor+1"],"relics":["Cracked Core","NeowsBlessing","Whetstone","Juzu Bracelet","Smiling Mask","GremlinMask","Frozen Egg 2","Astrolabe"],"gold":21,"campfire_rested":0,"campfire_upgraded":2,"purchased_purges":2,"potions_floor_spawned":[1,11,13,16],"potions_floor_usage":[13,14,16,16,18,20],"current_hp_per_floor":[68,73,73,73,73,73,73,63,63,63,63,63,43,48,48,1,64,14,14,0],"max_hp_per_floor":[75,80,80,80,80,80,80,80,80,80,80,80,80,85,85,85,85,85,85,85],"gold_per_floor":[114,114,30,30,44,76,76,101,149,20,39,39,70,70,70,165,165,178,51,21],"path_per_floor":["M","?","$","?","M","E","R","E","T","$","M","?","E","?","R","B",null,"M","$","M"],"path_taken":["M","?","$","?","?","E","R","E","T","$","M","?","E","?","R","BOSS","M","?","M"],"items_purchased":["Rebound","Recycle","Loop","Capacitor+1"],"item_purchase_floors":[3,3,10,19],"items_purged":["Strike_B","Strike_B+1"],"items_purged_floors":[10,19],"character_chosen":"DEFECT","card_choices":[{"picked":"Gash","not_picked":["Heatsinks","Reprogram"],"floor":1},{"picked":"SKIP","not_picked":["Beam Cell","Redo","Cold Snap"],"floor":5},{"picked":"Thunder Strike","not_picked":["Blizzard","Stack"],"floor":6},{"picked":"SKIP","not_picked":["Creative AI","Compile Driver","Hello World"],"floor":8},{"picked":"SKIP","not_picked":["Redo","Rebound","Coolheaded"],"floor":11},{"picked":"SKIP","not_picked":["Compile Driver","Stack","Hologram"],"floor":13},{"picked":"Electrodynamics+1","not_picked":["Creative AI+1","Amplify"],"floor":16},{"picked":"SKIP","not_picked":["Hello World+1","Barrage+1","Coolheaded+1"],"floor":18}],"event_choices":[{"event_name":"Big Fish","player_choice":"Donut","floor":2,"cards_obtained":null,"cards_removed":null,"cards_transformed":null,"cards_upgraded":null,"relics_obtained":null,"potions_obtained":null,"relics_lost":null,"damage_taken":0,"damage_healed":0,"max_hp_loss":0,"max_hp_gain":5,"gold_gain":0,"gold_loss":0},{"event_name":"Match and Keep!","player_choice":"1 cards matched","floor":4,"cards_obtained":["Electrodynamics"],"cards_removed":null,"cards_transformed":null,"cards_upgraded":null,"relics_obtained":null,"potions_obtained":null,"relics_lost":null,"damage_taken":0,"damage_healed":0,"max_hp_loss":0,"max_hp_gain":0,"gold_gain":0,"gold_loss":0},{"event_name":"FaceTrader","player_choice":"Trade","floor":12,"cards_obtained":null,"cards_removed":null,"cards_transformed":null,"cards_upgraded":null,"relics_obtained":["GremlinMask"],"potions_obtained":null,"relics_lost":null,"damage_taken":0,"damage_healed":0,"max_hp_loss":0,"max_hp_gain":0,"gold_gain":0,"gold_loss":0},{"event_name":"Lab","player_choice":"Got Potions","floor":14,"cards_obtained":null,"cards_removed":null,"cards_transformed":null,"cards_upgraded":null,"relics_obtained":null,"potions_obtained":null,"relics_lost":null,"damage_taken":0,"damage_healed":0,"max_hp_loss":0,"max_hp_gain":0,"gold_gain":0,"gold_loss":0}],"boss_relics":[{"picked":"Astrolabe","not_picked":["Fusion Hammer","Calling Bell"]}],"damage_taken":[{"floor":1,"enemies":"2 Louse","damage":0,"turns":1},{"floor":5,"enemies":"Cultist","damage":0,"turns":1},{"floor":6,"enemies":"Lagavulin","damage":0,"turns":1},{"floor":8,"enemies":"Gremlin Nob","damage":10,"turns":3},{"floor":11,"enemies":"Small Slimes","damage":0,"turns":2},{"floor":13,"enemies":"Lagavulin","damage":20,"turns":4},{"floor":16,"enemies":"The Guardian","damage":47,"turns":11},{"floor":18,"enemies":"Shell Parasite","damage":50,"turns":5},{"floor":20,"enemies":"2 Thieves","damage":18,"turns":1}],"potions_obtained":[{"key":"BlessingOfTheForge","floor":1},{"key":"EssenceOfSteel","floor":11},{"key":"Block Potion","floor":13},{"key":"Fruit Juice","floor":14},{"key":"LiquidBronze","floor":14},{"key":"PowerPotion","floor":16}],"relics_obtained":[{"key":"Whetstone","floor":6},{"key":"Juzu Bracelet","floor":8},{"key":"Smiling Mask","floor":9},{"key":"Frozen Egg 2","floor":13}],"campfire_choices":[{"floor":7,"key":"SMITH","data":"Electrodynamics"},{"floor":15,"key":"SMITH","data":"Loop"}],"circlet_count":0,"win_rate":0,"killed_by":"2 Thieves"}