{"play_id":"1d819db2-fd54-4d2c-830b-b4c879b629c0","build_version":"2020-01-27","seed_played":"-4134123078947341182","chose_seed":false,"seed_source_timestamp":2699767098828,"is_daily":false,"special_seed":null,"is_trial":false,"is_endless":false,"is_ascension_mode":true,"ascension_level":8,"neow_bonus":"TEN_PERCENT_HP_BONUS","neow_cost":"NONE","is_beta":false,"is_prod":false,"victory":false,"floor_reached":8,"score":76,"timestamp":1699145008,"local_time":"11/05/2023 00:43:28","playtime":227,"player_experience":306225,"master_deck":["Strike_B","Strike_B","Strike_B","Defend_B","Defend_B","Defend_B","Defend_B","Zap+1","Dualcast+1","Ball Lightning","Streamline","Doubt"],"relics":["Cracked Core","Potion Belt","Old Coin"],"gold":554,"campfire_rested":0,"campfire_upgraded":0,"purchased_purges":1,"potions_floor_spawned":[3],"potions_floor_usage":[],"current_hp_per_floor":[68,68,61,61,49,4,24,0],"max_hp_per_floor":[82,82,82,82,82,82,82,82],"gold_per_floor":[111,36,47,222,222,554,554,554],"path_per_floor":["M","$","M","?","?","E","?","E"],"path_taken":["M","$","M","?","?","E","?","E"],"items_purchased":[],"item_purchase_floors":[],"items_purged":["Strike_B"],"items_purged_floors":[2],"character_chosen":"DEFECT","card_choices":[{"picked":"Ball Lightning","not_picked":["Rebound","Stack"],"floor":1},{"picked":"Streamline","not_picked":["BootSequence","Hologram"],"floor":3},{"picked":"SKIP","not_picked":["Coolheaded","Force Field","Gash"],"floor":6}],"event_choices":[{"event_name":"Liars Game","player_choice":"AGREE","floor":4,"cards_obtained":["Doubt"],"cards_removed":null,"cards_transformed":null,"cards_upgraded":null,"relics_obtained":null,"potions_obtained":null,"relics_lost":null,"damage_taken":0,"damage_healed":0,"max_hp_loss":0,"max_hp_gain":0,"gold_gain":175,"gold_loss":0},{"event_name":"Scrap Ooze","player_choice":"Success","floor":5,"cards_obtained":null,"cards_removed":null,"cards_transformed":null,"cards_upgraded":null,"relics_obtained":["Potion Belt"],"potions_obtained":null,"relics_lost":null,"damage_taken":12,"damage_healed":0,"max_hp_loss":0,"max_hp_gain":0,"gold_gain":0,"gold_loss":0},{"event_name":"Shining Light","player_choice":"Entered Light","floor":7,"cards_obtained":null,"cards_removed":null,"cards_transformed":null,"cards_upgraded":["Dualcast","Zap"],"relics_obtained":null,"potions_obtained":null,"relics_lost":null,"damage_taken":16,"damage_healed":0,"max_hp_loss":0,"max_hp_gain":0,"gold_gain":0,"gold_loss":0}],"boss_relics":[],"damage_taken":[{"floor":1,"enemies":"2 Louse","damage":7,"turns":3},{"floor":3,"enemies":"Jaw Worm","damage":7,"turns":2},{"floor":6,"enemies":"3 Sentries","damage":45,"turns":7},{"floor":8,"enemies":"Lagavulin","damage":30,"turns":4}],"potions_obtained":[{"key":"FairyPotion","floor":3}],"relics_obtained":[{"key":"Old Coin","floor":6}],"campfire_choices":[],"circlet_count":0,"win_rate":0,"killed_by":"Lagavulin"}