{"play_id":"d202b188-1775-4e11-bcbe-05255e477729","build_version":"2020-01-27","seed_played":"-7565434215684760185","chose_seed":false,"seed_source_timestamp":2592544184276,"is_daily":false,"special_seed":null,"is_trial":false,"is_endless":false,"is_ascension_mode":true,"ascension_level":8,"neow_bonus":"THREE_ENEMY_KILL","neow_cost":"NONE","is_beta":false,"is_prod":false,"victory":false,"floor_reached":41,"score":528,"timestamp":1699122443,"local_time":"11/04/2023 18:27:23","playtime":1133,"player_experience":301136,"master_deck":["Zap+1","Dualcast","Rip and Tear","White Noise+1","Rebound","Conserve Battery","Ball Lightning","Rainbow+1","Electrodynamics","Ball Lightning+1","Static Discharge","Seek","Barrage+1","Leap","Thunder Strike+1","Amplify","Panacea","Ball Lightning+1","Conserve Battery"],"relics":["Cracked Core","NeowsBlessing","HornCleat","Tiny Chest","Odd Mushroom","Fusion Hammer","Molten Egg 2","Smiling Mask","Oddly Smooth Stone","Pandora's Box","Ginger"],"gold":214,"campfire_rested":4,"campfire_upgraded":3,"purchased_purges":3,"potions_floor_spawned":[11,13,16,18,31,38,39],"potions_floor_usage":[12,18,33,33,35,41],"current_hp_per_floor":[68,68,68,61,61,61,61,61,61,61,61,48,38,38,38,28,63,47,47,47,47,47,69,69,75,75,75,75,75,75,69,75,14,60,59,58,58,56,20,42,0],"max_hp_per_floor":[75,75,75,75,75,75,75,75,75,75,75,75,75,75,75,75,75,75,75,75,75,75,75,75,75,75,75,75,75,75,75,75,75,75,75,75,75,75,75,75,75],"gold_per_floor":[112,123,48,48,1,1,17,17,66,66,86,116,133,33,33,136,136,147,22,22,22,22,22,45,45,69,69,88,88,7,20,20,120,120,134,184,184,200,214,214,214],"path_per_floor":["M","M","$","?","$","R","M","?","T","R","M","?","M","$","R","B",null,"M","$","?","T","$","R","T","R","T","R","M","T","$","M","R","B",null,"M","?","?","M","M","R","E"],"path_taken":["M","M","$","?","$","R","M","?","T","R","?","?","M","$","R","BOSS","M","$","?","?","?","R","?","R","T","R","?","?","$","M","R","BOSS","M","?","?","M","M","R","E"],"items_purchased":["Rebound","Static Discharge"],"item_purchase_floors":[5,30],"items_purged":["Strike_B","Strike_B","Strike_B"],"items_purged_floors":[3,14,19],"character_chosen":"DEFECT","card_choices":[{"picked":"Rip and Tear","not_picked":["Coolheaded","Heatsinks"],"floor":1},{"picked":"White Noise","not_picked":["Stack","Force Field"],"floor":2},{"picked":"Conserve Battery","not_picked":["Compile Driver","Aggregate"],"floor":7},{"picked":"Ball Lightning","not_picked":["Conserve Battery","Melter"],"floor":11},{"picked":"Rainbow","not_picked":["Barrage","Streamline"],"floor":12},{"picked":"SKIP","not_picked":["Redo","Coolheaded","Melter"],"floor":13},{"picked":"Electrodynamics","not_picked":["Fission","Core Surge"],"floor":16},{"picked":"SKIP","not_picked":["Beam Cell","Cold Snap","Turbo+1"],"floor":18},{"picked":"Ball Lightning+1","not_picked":["Self Repair","Leap+1"],"floor":28},{"picked":"SKIP","not_picked":["Melter+1","Coolheaded","Tempest"],"floor":31},{"picked":"Seek","not_picked":["All For One+1","Reboot"],"floor":33},{"picked":"SKIP","not_picked":["Leap","Beam Cell+1","Cold Snap+1"],"floor":35},{"picked":"Panacea","not_picked":["Flash of Steel+1","Madness"],"floor":37},{"picked":"Ball Lightning+1","not_picked":["Gash+1","Streamline+1"],"floor":38},{"picked":"Conserve Battery","not_picked":["Streamline+1","Cold Snap+1"],"floor":39}],"event_choices":[{"event_name":"Golden Wing","player_choice":"Card Removal","floor":4,"cards_obtained":null,"cards_removed":["Defend_B"],"cards_transformed":null,"cards_upgraded":null,"relics_obtained":null,"potions_obtained":null,"relics_lost":null,"damage_taken":7,"damage_healed":0,"max_hp_loss":0,"max_hp_gain":0,"gold_gain":0,"gold_loss":0},{"event_name":"Wheel of Change","player_choice":"Relic","floor":8,"cards_obtained":null,"cards_removed":null,"cards_transformed":null,"cards_upgraded":null,"relics_obtained":null,"potions_obtained":null,"relics_lost":null,"damage_taken":0,"damage_healed":0,"max_hp_loss":0,"max_hp_gain":0,"gold_gain":0,"gold_loss":0},{"event_name":"Mushrooms","player_choice":"Fought Mushrooms","floor":12,"cards_obtained":null,"cards_removed":null,"cards_transformed":null,"cards_upgraded":null,"relics_obtained":null,"potions_obtained":null,"relics_lost":null,"damage_taken":0,"damage_healed":0,"max_hp_loss":0,"max_hp_gain":0,"gold_gain":0,"gold_loss":0},{"event_name":"Vampires","player_choice":"Ignored","floor":20,"cards_obtained":null,"cards_removed":null,"cards_transformed":null,"cards_upgraded":null,"relics_obtained":null,"potions_obtained":null,"relics_lost":null,"damage_taken":0,"damage_healed":0,"max_hp_loss":0,"max_hp_gain":0,"gold_gain":0,"gold_loss":0},{"event_name":"MindBloom","player_choice":"Fight","floor":36,"cards_obtained":null,"cards_removed":null,"cards_transformed":null,"cards_upgraded":null,"relics_obtained":null,"potions_obtained":null,"relics_lost":null,"damage_taken":0,"damage_healed":0,"max_hp_loss":0,"max_hp_gain":0,"gold_gain":0,"gold_loss":0},{"event_name":"SensoryStone","player_choice":"Memory 1","floor":37,"cards_obtained":null,"cards_removed":null,"cards_transformed":null,"cards_upgraded":null,"relics_obtained":null,"potions_obtained":null,"relics_lost":null,"damage_taken":0,"damage_healed":0,"max_hp_loss":0,"max_hp_gain":0,"gold_gain":0,"gold_loss":0}],"boss_relics":[{"picked":"Fusion Hammer","not_picked":["Tiny House","SacredBark"]},{"picked":"Pandora's Box","not_picked":["SlaversCollar","Calling Bell"]}],"damage_taken":[{"floor":1,"enemies":"Jaw Worm","damage":0,"turns":1},{"floor":2,"enemies":"Small Slimes","damage":0,"turns":1},{"floor":7,"enemies":"Cultist","damage":0,"turns":1},{"floor":11,"enemies":"2 Fungi Beasts","damage":0,"turns":3},{"floor":12,"enemies":"The Mushroom Lair","damage":13,"turns":2},{"floor":13,"enemies":"3 Louse","damage":10,"turns":2},{"floor":16,"enemies":"The Guardian","damage":10,"turns":10},{"floor":18,"enemies":"3 Byrds","damage":16,"turns":2},{"floor":28,"enemies":"Spheric Guardian","damage":0,"turns":3},{"floor":31,"enemies":"Chosen and Byrds","damage":6,"turns":4},{"floor":33,"enemies":"Champ","damage":61,"turns":9},{"floor":35,"enemies":"3 Darklings","damage":10,"turns":3},{"floor":36,"enemies":"Mind Bloom Boss Battle","damage":1,"turns":6},{"floor":38,"enemies":"Orb Walker","damage":2,"turns":3},{"floor":39,"enemies":"Spire Growth","damage":36,"turns":4},{"floor":41,"enemies":"Nemesis","damage":43,"turns":4}],"potions_obtained":[{"key":"Explosive Potion","floor":11},{"key":"Weak Potion","floor":13},{"key":"Swift Potion","floor":16},{"key":"Regen Potion","floor":18},{"key":"Weak Potion","floor":31},{"key":"SneckoOil","floor":38},{"key":"SpeedPotion","floor":39}],"relics_obtained":[{"key":"HornCleat","floor":8},{"key":"Tiny Chest","floor":9},{"key":"Odd Mushroom","floor":12},{"key":"Molten Egg 2","floor":21},{"key":"Smiling Mask","floor":24},{"key":"Oddly Smooth Stone","floor":26},{"key":"Ginger","floor":36}],"campfire_choices":[{"floor":6,"key":"SMITH","data":"White Noise"},{"floor":10,"key":"SMITH","data":"Zap"},{"floor":15,"key":"SMITH","data":"Rainbow"},{"floor":23,"key":"REST"},{"floor":25,"key":"REST"},{"floor":27,"key":"RECALL"},{"floor":32,"key":"REST"},{"floor":40,"key":"REST"}],"circlet_count":0,"win_rate":0,"killed_by":"Nemesis"}