{"play_id":"c711cabc-ca1c-4fef-81f2-8cc24b71bed2","build_version":"2020-01-27","seed_played":"5994505412574385220","chose_seed":false,"seed_source_timestamp":0,"is_daily":false,"special_seed":0,"is_trial":false,"is_endless":false,"is_ascension_mode":true,"ascension_level":9,"neow_bonus":"RANDOM_COMMON_RELIC","neow_cost":"NONE","is_beta":false,"is_prod":false,"victory":true,"floor_reached":51,"score":1045,"timestamp":1700083738,"local_time":"11/15/2023 21:28:58","playtime":1936,"player_experience":356114,"master_deck":["Strike_B+1","Defend_B+1","Zap+1","Dualcast+1","Streamline+1","Ball Lightning+1","Static Discharge+1","Ball Lightning+1","Glacier+1","Go for the Eyes+1","Sweeping Beam+1","Sunder+1","Cold Snap+1","Leap+1","Fusion+1","Darkness+1","Undo+1","Electrodynamics+1","Tempest+1","Cold Snap+1","Machine Learning+1","Darkness+1","Undo+1","White Noise+1"],"relics":["Cracked Core","Anchor","Whetstone","Toxic Egg 2","Blood Vial","Toy Ornithopter","Boot","Astrolabe","Mercury Hourglass","Mango","Eternal Feather","Molten Egg 2","Centennial Puzzle","Cursed Key","Lizard Tail","Gambling Chip","Blue Candle","Pocketwatch","Bottled Tornado"],"gold":114,"campfire_rested":2,"campfire_upgraded":6,"purchased_purges":3,"potions_floor_spawned":[4,16,19,24,28,31,36,39,45,46,48],"potions_floor_usage":[50],"current_hp_per_floor":[63,48,48,41,41,41,21,21,21,6,31,31,33,26,26,20,61,52,54,54,54,54,54,56,56,56,68,60,69,57,51,63,2,67,69,67,67,67,52,64,15,17,17,55,54,45,45,47,85,44],"max_hp_per_floor":[75,75,75,75,75,75,75,75,75,75,75,75,75,75,75,75,75,75,75,75,75,75,75,75,75,75,89,89,89,89,89,89,89,89,89,89,89,89,89,89,89,89,89,89,89,89,89,89,89,89],"gold_per_floor":[113,113,63,79,4,4,35,35,62,94,94,56,69,69,69,171,171,188,204,204,56,19,19,30,30,30,130,165,165,196,208,208,304,304,324,336,336,336,384,384,410,421,421,421,434,484,103,114,114,114],"path_per_floor":["M","?","?","M","$","R","E","T","T","E","?","$","M","?","R","B","ul","M","M","?","$","$","R","M","$","T","?","E","R","E","M","R","B","ul","M","M","?","?","?","R","E","M","T","R","M","?","$","M","R","B",null],"path_taken":["M","?","?","M","$","R","E","?","T","E","?","?","?","?","R","BOSS","M","M","?","?","$","R","M","?","T","?","E","R","E","M","R","BOSS","M","M","?","?","?","R","E","M","T","R","?","?","$","M","R","BOSS"],"items_purchased":["Glacier+1","Leap+1","Fusion+1","Bottled Tornado"],"item_purchase_floors":[12,21,22,47],"items_purged":["Strike_B","Defend_B","Writhe"],"items_purged_floors":[5,21,47],"character_chosen":"DEFECT","card_choices":[{"picked":"Streamline","not_picked":["Coolheaded","Gash"],"floor":1},{"picked":"Ball Lightning","not_picked":["FTL","Redo"],"floor":4},{"picked":"Static Discharge","not_picked":["All For One","Steam"],"floor":7},{"picked":"Ball Lightning","not_picked":["Conserve Battery+1","Rip and Tear"],"floor":10},{"picked":"SKIP","not_picked":["Heatsinks","Hello World","Rebound"],"floor":13},{"picked":"Reboot+1","not_picked":["Amplify+1","All For One"],"floor":16},{"picked":"Cold Snap+1","not_picked":["Turbo+1","Compile Driver+1"],"floor":18},{"picked":"SKIP","not_picked":["Turbo+1","Sweeping Beam","Leap+1"],"floor":19},{"picked":"Darkness+1","not_picked":["FTL","Rebound"],"floor":24},{"picked":"Undo+1","not_picked":["Turbo+1","Blizzard+1"],"floor":27},{"picked":"Electrodynamics","not_picked":["Compile Driver+1","Storm+1"],"floor":28},{"picked":"Tempest+1","not_picked":["Gash+1","Recycle+1"],"floor":30},{"picked":"Cold Snap+1","not_picked":["Go for the Eyes+1","Steam Power+1"],"floor":31},{"picked":"Machine Learning","not_picked":["Biased Cognition","All For One+1"],"floor":33},{"picked":"Darkness+1","not_picked":["Undo+1","Blizzard+1"],"floor":35},{"picked":"SKIP","not_picked":["Redo+1","Self Repair","Force Field+1"],"floor":36},{"picked":"Undo+1","not_picked":["Streamline+1","Beam Cell+1"],"floor":41},{"picked":"SKIP","not_picked":["Gash+1","Loop+1","Redo+1"],"floor":42},{"picked":"SKIP","not_picked":["Go for the Eyes+1","Rip and Tear+1","Cold Snap+1"],"floor":45},{"picked":"White Noise+1","not_picked":["Lockon+1","Darkness+1"],"floor":46},{"picked":"SKIP","not_picked":["Beam Cell+1","Turbo+1","Force Field+1"],"floor":48}],"event_choices":[{"event_name":"Shining Light","player_choice":"Entered Light","floor":2,"cards_obtained":null,"cards_removed":null,"cards_transformed":null,"cards_upgraded":["Defend_B","Strike_B"],"relics_obtained":null,"potions_obtained":null,"relics_lost":null,"damage_taken":15,"damage_healed":0,"max_hp_loss":0,"max_hp_gain":0,"gold_gain":0,"gold_loss":0},{"event_name":"The Cleric","player_choice":"Card Removal","floor":3,"cards_obtained":null,"cards_removed":["Strike_B"],"cards_transformed":null,"cards_upgraded":null,"relics_obtained":null,"potions_obtained":null,"relics_lost":null,"damage_taken":0,"damage_healed":0,"max_hp_loss":0,"max_hp_gain":0,"gold_gain":0,"gold_loss":50},{"event_name":"Big Fish","player_choice":"Banana","floor":11,"cards_obtained":null,"cards_removed":null,"cards_transformed":null,"cards_upgraded":null,"relics_obtained":null,"potions_obtained":null,"relics_lost":null,"damage_taken":0,"damage_healed":25,"max_hp_loss":0,"max_hp_gain":0,"gold_gain":0,"gold_loss":0},{"event_name":"Scrap Ooze","player_choice":"Success","floor":14,"cards_obtained":null,"cards_removed":null,"cards_transformed":null,"cards_upgraded":null,"relics_obtained":["Boot"],"potions_obtained":null,"relics_lost":null,"damage_taken":7,"damage_healed":0,"max_hp_loss":0,"max_hp_gain":0,"gold_gain":0,"gold_loss":0},{"event_name":"Lab","player_choice":"Got Potions","floor":20,"cards_obtained":null,"cards_removed":null,"cards_transformed":null,"cards_upgraded":null,"relics_obtained":null,"potions_obtained":null,"relics_lost":null,"damage_taken":0,"damage_healed":0,"max_hp_loss":0,"max_hp_gain":0,"gold_gain":0,"gold_loss":0},{"event_name":"Colosseum","player_choice":"Fight","floor":27,"cards_obtained":null,"cards_removed":null,"cards_transformed":null,"cards_upgraded":null,"relics_obtained":null,"potions_obtained":null,"relics_lost":null,"damage_taken":0,"damage_healed":0,"max_hp_loss":0,"max_hp_gain":0,"gold_gain":0,"gold_loss":0},{"event_name":"Colosseum","player_choice":"Fought Nobs","floor":27,"cards_obtained":null,"cards_removed":null,"cards_transformed":null,"cards_upgraded":null,"relics_obtained":null,"potions_obtained":null,"relics_lost":null,"damage_taken":0,"damage_healed":0,"max_hp_loss":0,"max_hp_gain":0,"gold_gain":0,"gold_loss":0},{"event_name":"Tomb of Lord Red Mask","player_choice":"Ignored","floor":37,"cards_obtained":null,"cards_removed":null,"cards_transformed":null,"cards_upgraded":null,"relics_obtained":null,"potions_obtained":null,"relics_lost":null,"damage_taken":0,"damage_healed":0,"max_hp_loss":0,"max_hp_gain":0,"gold_gain":0,"gold_loss":0},{"event_name":"Falling","player_choice":"Removed Skill","floor":38,"cards_obtained":null,"cards_removed":["Reboot"],"cards_transformed":null,"cards_upgraded":null,"relics_obtained":null,"potions_obtained":null,"relics_lost":null,"damage_taken":0,"damage_healed":0,"max_hp_loss":0,"max_hp_gain":0,"gold_gain":0,"gold_loss":0},{"event_name":"Mysterious Sphere","player_choice":"Fight","floor":39,"cards_obtained":null,"cards_removed":null,"cards_transformed":null,"cards_upgraded":null,"relics_obtained":null,"potions_obtained":null,"relics_lost":null,"damage_taken":0,"damage_healed":0,"max_hp_loss":0,"max_hp_gain":0,"gold_gain":0,"gold_loss":0},{"event_name":"MindBloom","player_choice":"Fight","floor":46,"cards_obtained":null,"cards_removed":null,"cards_transformed":null,"cards_upgraded":null,"relics_obtained":null,"potions_obtained":null,"relics_lost":null,"damage_taken":0,"damage_healed":0,"max_hp_loss":0,"max_hp_gain":0,"gold_gain":0,"gold_loss":0}],"boss_relics":[{"picked":"Astrolabe","not_picked":["Velvet Choker","Calling Bell"]},{"picked":"Cursed Key","not_picked":["SlaversCollar","Runic Dome"]}],"damage_taken":[{"floor":1,"enemies":"Cultist","damage":5,"turns":4},{"floor":4,"enemies":"Small Slimes","damage":7,"turns":3},{"floor":7,"enemies":"3 Sentries","damage":20,"turns":5},{"floor":10,"enemies":"Lagavulin","damage":17,"turns":5},{"floor":13,"enemies":"Jaw Worm","damage":0,"turns":2},{"floor":16,"enemies":"The Guardian","damage":8,"turns":10},{"floor":18,"enemies":"Spheric Guardian","damage":11,"turns":3},{"floor":19,"enemies":"Chosen","damage":0,"turns":3},{"floor":24,"enemies":"3 Cultists","damage":0,"turns":4},{"floor":27,"enemies":"Colosseum Slavers","damage":5,"turns":2},{"floor":27,"enemies":"Colosseum Nobs","damage":6,"turns":3},{"floor":28,"enemies":"Book of Stabbing","damage":15,"turns":4},{"floor":30,"enemies":"Slavers","damage":14,"turns":3},{"floor":31,"enemies":"Chosen and Byrds","damage":8,"turns":3},{"floor":33,"enemies":"Champ","damage":73,"turns":8},{"floor":35,"enemies":"3 Darklings","damage":0,"turns":3},{"floor":36,"enemies":"Orb Walker","damage":4,"turns":2},{"floor":39,"enemies":"2 Orb Walkers","damage":22,"turns":4},{"floor":41,"enemies":"Giant Head","damage":56,"turns":8},{"floor":42,"enemies":"Spire Growth","damage":0,"turns":4},{"floor":45,"enemies":"4 Shapes","damage":3,"turns":3},{"floor":46,"enemies":"Mind Bloom Boss Battle","damage":11,"turns":7},{"floor":48,"enemies":"Sphere and 2 Shapes","damage":0,"turns":2},{"floor":50,"enemies":"Donu and Deca","damage":96,"turns":7}],"potions_obtained":[{"key":"AttackPotion","floor":4},{"key":"BlessingOfTheForge","floor":16},{"key":"EssenceOfDarkness","floor":19},{"key":"Fire Potion","floor":20},{"key":"PowerPotion","floor":28},{"key":"Block Potion","floor":31},{"key":"ColorlessPotion","floor":36},{"key":"PowerPotion","floor":39},{"key":"Energy Potion","floor":45},{"key":"LiquidMemories","floor":46}],"relics_obtained":[{"key":"Whetstone","floor":7},{"key":"Toxic Egg 2","floor":8},{"key":"Blood Vial","floor":9},{"key":"Toy Ornithopter","floor":10},{"key":"Mercury Hourglass","floor":26},{"key":"Mango","floor":27},{"key":"Eternal Feather","floor":27},{"key":"Molten Egg 2","floor":28},{"key":"Centennial Puzzle","floor":30},{"key":"Lizard Tail","floor":39},{"key":"Gambling Chip","floor":41},{"key":"Blue Candle","floor":43},{"key":"Pocketwatch","floor":46}],"campfire_choices":[{"floor":6,"key":"SMITH","data":"Zap"},{"floor":15,"key":"SMITH","data":"Dualcast"},{"floor":23,"key":"SMITH","data":"Static Discharge"},{"floor":29,"key":"SMITH","data":"Electrodynamics"},{"floor":32,"key":"SMITH","data":"Ball Lightning"},{"floor":40,"key":"SMITH","data":"Machine Learning"},{"floor":44,"key":"REST"},{"floor":49,"key":"REST"}],"circlet_count":0,"win_rate":0,"killed_by":null}