{"play_id":"83b22411-8ac3-4b2a-a536-7f5eb9d3f4fe","build_version":"2020-01-27","seed_played":"6478861581234980743","chose_seed":false,"seed_source_timestamp":2184838352230,"is_daily":false,"special_seed":null,"is_trial":false,"is_endless":false,"is_ascension_mode":true,"ascension_level":9,"neow_bonus":"TRANSFORM_TWO_CARDS","neow_cost":"NO_GOLD","is_beta":false,"is_prod":false,"victory":false,"floor_reached":24,"score":324,"timestamp":1700018660,"local_time":"11/15/2023 03:24:20","playtime":1093,"player_experience":355021,"master_deck":["Defend_B","Defend_B","Defend_B","Defend_B","Zap","Dualcast","Turbo","Rebound","Darkness","Darkness+1","Doom and Gloom","Rebound","Darkness+1","Biased Cognition","Darkness+1","Lockon+1","Defragment","Force Field"],"relics":["Cracked Core","FaceOfCleric","Lantern","HornCleat","Nunchaku","Sozu","Oddly Smooth Stone"],"gold":57,"campfire_rested":2,"campfire_upgraded":2,"purchased_purges":0,"potions_floor_spawned":[3,7,10,16,18,19],"potions_floor_usage":[7,14],"current_hp_per_floor":[68,68,63,62,62,62,41,41,41,24,24,4,28,28,28,8,64,37,13,13,2,2,27,0],"max_hp_per_floor":[75,75,76,77,77,77,78,78,78,79,79,80,80,81,81,82,82,83,84,84,85,85,85,85],"gold_per_floor":[17,17,35,53,5,5,39,4,4,19,19,47,47,65,65,165,165,178,195,45,57,57,57,57],"path_per_floor":["M","?","M","M","$","R","E","$","T","M","$","E","R","M","R","B",null,"M","M","$","M","?","R","E"],"path_taken":["M","?","M","?","$","R","E","?","T","?","$","E","R","M","R","BOSS","M","?","$","M","?","R","E"],"items_purchased":["Block Potion","Doom and Gloom","Oddly Smooth Stone"],"item_purchase_floors":[5,8,20],"items_purged":[],"items_purged_floors":[],"character_chosen":"DEFECT","card_choices":[{"picked":"Darkness","not_picked":["Steam","Hologram"],"floor":1},{"picked":"Darkness","not_picked":["Rebound","Turbo"],"floor":3},{"picked":"SKIP","not_picked":["Beam Cell","FTL","Leap"],"floor":4},{"picked":"SKIP","not_picked":["Force Field","Amplify","Recycle"],"floor":7},{"picked":"Rebound","not_picked":["Redo","Steam"],"floor":10},{"picked":"SKIP","not_picked":["Doom and Gloom","Tempest","Streamline"],"floor":12},{"picked":"Darkness","not_picked":["Beam Cell","Tempest"],"floor":14},{"picked":"Biased Cognition","not_picked":["Meteor Strike","Amplify"],"floor":16},{"picked":"Darkness+1","not_picked":["Conserve Battery","FTL+1"],"floor":18},{"picked":"Lockon+1","not_picked":["Turbo","Gash"],"floor":19},{"picked":"SKIP","not_picked":["Hologram+1","Ball Lightning","Compile Driver+1"],"floor":21}],"event_choices":[{"event_name":"FaceTrader","player_choice":"Trade","floor":2,"cards_obtained":null,"cards_removed":null,"cards_transformed":null,"cards_upgraded":null,"relics_obtained":["FaceOfCleric"],"potions_obtained":null,"relics_lost":null,"damage_taken":0,"damage_healed":0,"max_hp_loss":0,"max_hp_gain":0,"gold_gain":0,"gold_loss":0},{"event_name":"Drug Dealer","player_choice":"Became Test Subject","floor":22,"cards_obtained":["Defragment","Force Field"],"cards_removed":null,"cards_transformed":["Strike_B","Strike_B"],"cards_upgraded":null,"relics_obtained":null,"potions_obtained":null,"relics_lost":null,"damage_taken":0,"damage_healed":0,"max_hp_loss":0,"max_hp_gain":0,"gold_gain":0,"gold_loss":0}],"boss_relics":[{"picked":"Sozu","not_picked":["Snecko Eye","Fusion Hammer"]}],"damage_taken":[{"floor":1,"enemies":"Small Slimes","damage":0,"turns":3},{"floor":3,"enemies":"Cultist","damage":6,"turns":4},{"floor":4,"enemies":"Jaw Worm","damage":2,"turns":3},{"floor":7,"enemies":"Gremlin Nob","damage":22,"turns":4},{"floor":10,"enemies":"Large Slime","damage":18,"turns":2},{"floor":12,"enemies":"3 Sentries","damage":21,"turns":5},{"floor":14,"enemies":"Looter","damage":1,"turns":2},{"floor":16,"enemies":"The Guardian","damage":21,"turns":7},{"floor":18,"enemies":"3 Byrds","damage":28,"turns":4},{"floor":19,"enemies":"2 Thieves","damage":25,"turns":4},{"floor":21,"enemies":"Cultist and Chosen","damage":12,"turns":3},{"floor":24,"enemies":"Gremlin Leader","damage":27,"turns":5}],"potions_obtained":[{"key":"SpeedPotion","floor":3},{"key":"CultistPotion","floor":7},{"key":"Ancient Potion","floor":10},{"key":"FocusPotion","floor":16}],"relics_obtained":[{"key":"Lantern","floor":7},{"key":"HornCleat","floor":9},{"key":"Nunchaku","floor":12}],"campfire_choices":[{"floor":6,"key":"SMITH","data":"Darkness"},{"floor":13,"key":"REST"},{"floor":15,"key":"SMITH","data":"Darkness"},{"floor":23,"key":"REST"}],"circlet_count":0,"win_rate":0,"killed_by":"Gremlin Leader"}