{"play_id":"c7c39428-63e4-4fd9-96bc-cec2a4d3f8d2","build_version":"2020-01-27","seed_played":"-6589917592618935563","chose_seed":false,"seed_source_timestamp":216286283183,"is_daily":false,"special_seed":null,"is_trial":false,"is_endless":false,"is_ascension_mode":true,"ascension_level":10,"neow_bonus":"THREE_RARE_CARDS","neow_cost":"PERCENT_DAMAGE","is_beta":false,"is_prod":false,"victory":false,"floor_reached":7,"score":56,"timestamp":1702938658,"local_time":"12/18/2023 22:30:58","playtime":148,"player_experience":424648,"master_deck":["AscendersBane","Strike_B","Strike_B","Strike_B","Defend_B","Defend_B","Defend_B","Zap+1","Dualcast","Electrodynamics","Capacitor"],"relics":["Cracked Core"],"gold":189,"campfire_rested":0,"campfire_upgraded":1,"purchased_purges":1,"potions_floor_spawned":[],"potions_floor_usage":[],"current_hp_per_floor":[43,32,32,32,25,25,0],"max_hp_per_floor":[75,75,75,75,75,75,75],"gold_per_floor":[114,189,114,114,189,189,189],"path_per_floor":["M","?","$","?","?","R","E"],"path_taken":["M","?","$","?","?","R","E"],"items_purchased":[],"item_purchase_floors":[],"items_purged":["Strike_B"],"items_purged_floors":[3],"character_chosen":"DEFECT","card_choices":[{"picked":"Electrodynamics","not_picked":["Multi-Cast","Core Surge"],"floor":0},{"picked":"SKIP","not_picked":["Turbo","Barrage","Hologram"],"floor":1}],"event_choices":[{"event_name":"World of Goop","player_choice":"Gather Gold","floor":2,"cards_obtained":null,"cards_removed":null,"cards_transformed":null,"cards_upgraded":null,"relics_obtained":null,"potions_obtained":null,"relics_lost":null,"damage_taken":11,"damage_healed":0,"max_hp_loss":0,"max_hp_gain":0,"gold_gain":75,"gold_loss":0},{"event_name":"Living Wall","player_choice":"Change","floor":4,"cards_obtained":["Capacitor"],"cards_removed":null,"cards_transformed":["Defend_B"],"cards_upgraded":null,"relics_obtained":null,"potions_obtained":null,"relics_lost":null,"damage_taken":0,"damage_healed":0,"max_hp_loss":0,"max_hp_gain":0,"gold_gain":0,"gold_loss":0},{"event_name":"FaceTrader","player_choice":"Touch","floor":5,"cards_obtained":null,"cards_removed":null,"cards_transformed":null,"cards_upgraded":null,"relics_obtained":null,"potions_obtained":null,"relics_lost":null,"damage_taken":7,"damage_healed":0,"max_hp_loss":0,"max_hp_gain":0,"gold_gain":75,"gold_loss":0}],"boss_relics":[],"damage_taken":[{"floor":1,"enemies":"Jaw Worm","damage":7,"turns":3},{"floor":7,"enemies":"Gremlin Nob","damage":28,"turns":3}],"potions_obtained":[],"relics_obtained":[],"campfire_choices":[{"floor":6,"key":"SMITH","data":"Zap"}],"circlet_count":0,"win_rate":0,"killed_by":"Gremlin Nob"}