{"play_id":"ecbdd59b-e4b4-408d-a889-0b0f0fd87a6b","build_version":"2020-01-27","seed_played":"8305626051308102260","chose_seed":false,"seed_source_timestamp":67337868568,"is_daily":false,"special_seed":null,"is_trial":false,"is_endless":false,"is_ascension_mode":true,"ascension_level":10,"neow_bonus":"THREE_ENEMY_KILL","neow_cost":"NONE","is_beta":false,"is_prod":false,"victory":false,"floor_reached":24,"score":368,"timestamp":1702867764,"local_time":"12/18/2023 02:49:24","playtime":569,"player_experience":423124,"master_deck":["AscendersBane","Zap+1","Dualcast","Tempest+1","Defragment","Thunder Strike+1","Defragment","Doom and Gloom","Echo Form","Stack","Chill","Chaos","Meteor Strike","Doom and Gloom","Doom and Gloom","Multi-Cast","Ball Lightning+1","Enlightenment+1","Defragment"],"relics":["Cracked Core","NeowsBlessing","Matryoshka","Potion Belt","Smiling Mask","Pear","Chemical X","MealTicket","Whetstone","Oddly Smooth Stone","Pandora's Box","Spirit Poop"],"gold":89,"campfire_rested":0,"campfire_upgraded":3,"purchased_purges":1,"potions_floor_spawned":[1,16,18],"potions_floor_usage":[19],"current_hp_per_floor":[68,68,68,68,73,73,73,73,83,83,82,82,57,43,43,19,72,60,59,59,25,40,40,0],"max_hp_per_floor":[75,75,75,75,80,80,80,80,90,90,90,90,90,90,90,90,90,90,90,90,90,90,90,90],"gold_per_floor":[110,126,51,226,226,226,299,327,327,2,14,38,66,76,76,178,178,194,206,206,221,89,89,89],"path_per_floor":["M","M","$","?","?","R","T","E","T","$","M","T","E","M","R","B",null,"M","M","?","M","$","R","E"],"path_taken":["M","M","$","?","?","R","?","E","T","?","?","?","E","?","R","BOSS","M","?","?","M","$","R","E"],"items_purchased":["Chemical X","Thunder Strike","Defragment","Enlightenment","Defragment"],"item_purchase_floors":[10,10,10,22,22],"items_purged":["Strike_B"],"items_purged_floors":[3],"character_chosen":"DEFECT","card_choices":[{"picked":"Tempest","not_picked":["Rebound","Reinforced Body"],"floor":1},{"picked":"SKIP","not_picked":["Sweeping Beam","Redo","Stack"],"floor":2},{"picked":"Defragment","not_picked":["Meteor Strike","Sweeping Beam"],"floor":8},{"picked":"SKIP","not_picked":["Go for the Eyes","White Noise","BootSequence"],"floor":11},{"picked":"Doom and Gloom","not_picked":["Self Repair","Double Energy"],"floor":13},{"picked":"SKIP","not_picked":["Leap","Rebound","Consume"],"floor":14},{"picked":"Echo Form","not_picked":["Thunder Strike","Multi-Cast"],"floor":16},{"picked":"Ball Lightning+1","not_picked":["Cold Snap","Rip and Tear"],"floor":18},{"picked":"SKIP","not_picked":["Beam Cell+1","Glacier","Chill"],"floor":19},{"picked":"SKIP","not_picked":["Glacier","Consume","Rip and Tear"],"floor":21}],"event_choices":[{"event_name":"Liars Game","player_choice":"AGREE","floor":4,"cards_obtained":["Doubt"],"cards_removed":null,"cards_transformed":null,"cards_upgraded":null,"relics_obtained":null,"potions_obtained":null,"relics_lost":null,"damage_taken":0,"damage_healed":0,"max_hp_loss":0,"max_hp_gain":0,"gold_gain":175,"gold_loss":0},{"event_name":"Big Fish","player_choice":"Donut","floor":5,"cards_obtained":null,"cards_removed":null,"cards_transformed":null,"cards_upgraded":null,"relics_obtained":null,"potions_obtained":null,"relics_lost":null,"damage_taken":0,"damage_healed":0,"max_hp_loss":0,"max_hp_gain":5,"gold_gain":0,"gold_loss":0},{"event_name":"Bonfire Elementals","player_choice":"Offered Curse","floor":20,"cards_obtained":null,"cards_removed":["Doubt"],"cards_transformed":null,"cards_upgraded":null,"relics_obtained":["Spirit Poop"],"potions_obtained":null,"relics_lost":null,"damage_taken":0,"damage_healed":0,"max_hp_loss":0,"max_hp_gain":0,"gold_gain":0,"gold_loss":0}],"boss_relics":[{"picked":"Pandora's Box","not_picked":["Snecko Eye","Busted Crown"]}],"damage_taken":[{"floor":1,"enemies":"2 Louse","damage":0,"turns":1},{"floor":2,"enemies":"Jaw Worm","damage":0,"turns":1},{"floor":8,"enemies":"Gremlin Nob","damage":0,"turns":1},{"floor":11,"enemies":"Cultist","damage":1,"turns":3},{"floor":13,"enemies":"3 Sentries","damage":25,"turns":4},{"floor":14,"enemies":"Red Slaver","damage":14,"turns":2},{"floor":16,"enemies":"Slime Boss","damage":24,"turns":7},{"floor":18,"enemies":"Chosen","damage":12,"turns":2},{"floor":19,"enemies":"2 Thieves","damage":1,"turns":2},{"floor":21,"enemies":"Shelled Parasite and Fungi","damage":34,"turns":3},{"floor":24,"enemies":"Book of Stabbing","damage":59,"turns":3}],"potions_obtained":[{"key":"Dexterity Potion","floor":1},{"key":"Strength Potion","floor":16},{"key":"Fire Potion","floor":18}],"relics_obtained":[{"key":"Matryoshka","floor":7},{"key":"Potion Belt","floor":8},{"key":"Smiling Mask","floor":9},{"key":"Pear","floor":9},{"key":"MealTicket","floor":12},{"key":"Whetstone","floor":12},{"key":"Oddly Smooth Stone","floor":13}],"campfire_choices":[{"floor":6,"key":"SMITH","data":"Tempest"},{"floor":15,"key":"SMITH","data":"Zap"},{"floor":23,"key":"SMITH","data":"Enlightenment"}],"circlet_count":0,"win_rate":0,"killed_by":"Book of Stabbing"}