{"play_id":"d0daaa6a-16e2-44e8-8255-e313df5b345f","build_version":"2020-01-27","seed_played":"-4999835268053728390","chose_seed":false,"seed_source_timestamp":145164192449,"is_daily":false,"special_seed":null,"is_trial":false,"is_endless":false,"is_ascension_mode":true,"ascension_level":10,"neow_bonus":"TRANSFORM_TWO_CARDS","neow_cost":"NO_GOLD","is_beta":false,"is_prod":false,"victory":false,"floor_reached":33,"score":562,"timestamp":1702914948,"local_time":"12/18/2023 15:55:48","playtime":955,"player_experience":423693,"master_deck":["AscendersBane","Strike_B","Strike_B","Defend_B","Defend_B","Defend_B","Zap","Dualcast","Melter","Sunder","Double Energy","Ball Lightning","Leap","Clumsy","Dramatic Entrance","Zap+1","Ball Lightning","Beam Cell+1","Thunder Strike+1","Parasite","Echo Form","Genetic Algorithm","Ball Lightning+1","Ball Lightning+1","Defragment","Shame","Ball Lightning+1","Gash+1","Decay","Conserve Battery+1","Static Discharge","Shame"],"relics":["Cracked Core","Golden Idol","Du-Vu Doll","Molten Egg 2","Pear","Kunai","Cables","Cursed Key","Ornamental Fan","Matryoshka","Lantern","MawBank","Gremlin Horn","Smiling Mask","Happy Flower","Potion Belt"],"gold":145,"campfire_rested":3,"campfire_upgraded":1,"purchased_purges":2,"potions_floor_spawned":[1,3,6,8,19,28],"potions_floor_usage":[6,6,8,16,22,33],"current_hp_per_floor":[61,43,36,36,36,15,15,6,16,16,41,62,50,50,50,32,72,72,72,72,72,62,12,37,37,37,35,27,27,8,8,33,0],"max_hp_per_floor":[75,75,75,75,75,75,75,75,85,85,85,85,85,85,85,85,85,85,85,85,85,85,85,85,85,85,85,85,85,85,85,85,85],"gold_per_floor":[16,16,29,7,7,46,59,90,90,13,13,13,13,13,13,136,136,152,165,5,5,30,66,66,66,66,102,145,72,97,145,145,145],"path_per_floor":["M","?","M","$","?","E","M","E","T","$","R","?","?","T","R","B",null,"M","M","$","?","M","E","R","?","T","M","E","$","M","T","R","B"],"path_taken":["M","?","M","$","?","E","?","E","T","$","R","?","?","?","R","BOSS","M","M","$","?","M","E","R","?","T","M","E","?","M","?","R","BOSS"],"items_purchased":["Leap","Thunder Strike+1","Ball Lightning+1","Defragment","Static Discharge"],"item_purchase_floors":[4,10,20,20,29],"items_purged":["Strike_B","Writhe"],"items_purged_floors":[20,29],"character_chosen":"DEFECT","card_choices":[{"picked":"Double Energy","not_picked":["Rip and Tear","Go for the Eyes"],"floor":1},{"picked":"Ball Lightning","not_picked":["Coolheaded","Streamline"],"floor":3},{"picked":"SKIP","not_picked":["Leap","Rip and Tear","Stack"],"floor":6},{"picked":"Ball Lightning","not_picked":["Rebound","Turbo"],"floor":7},{"picked":"Beam Cell+1","not_picked":["Reprogram","Recycle"],"floor":8},{"picked":"Echo Form","not_picked":["Meteor Strike+1","Rainbow"],"floor":16},{"picked":"Genetic Algorithm","not_picked":["Chaos","Rebound+1"],"floor":18},{"picked":"Ball Lightning+1","not_picked":["Barrage+1","Coolheaded"],"floor":19},{"picked":"Ball Lightning+1","not_picked":["Redo","Rebound+1"],"floor":22},{"picked":"Gash+1","not_picked":["Chill","Conserve Battery+1"],"floor":23},{"picked":"SKIP","not_picked":["Rip and Tear+1","Chaos","Go for the Eyes+1"],"floor":27},{"picked":"Conserve Battery+1","not_picked":["Hologram","Hyperbeam+1"],"floor":28},{"picked":"SKIP","not_picked":["Hologram","Turbo","FTL+1"],"floor":30}],"event_choices":[{"event_name":"Golden Idol","player_choice":"Take Damage","floor":2,"cards_obtained":null,"cards_removed":null,"cards_transformed":null,"cards_upgraded":null,"relics_obtained":["Golden Idol"],"potions_obtained":null,"relics_lost":null,"damage_taken":18,"damage_healed":0,"max_hp_loss":0,"max_hp_gain":0,"gold_gain":0,"gold_loss":0},{"event_name":"Match and Keep!","player_choice":"3 cards matched","floor":5,"cards_obtained":["Clumsy","Dramatic Entrance","Zap"],"cards_removed":null,"cards_transformed":null,"cards_upgraded":null,"relics_obtained":null,"potions_obtained":null,"relics_lost":null,"damage_taken":0,"damage_healed":0,"max_hp_loss":0,"max_hp_gain":0,"gold_gain":0,"gold_loss":0},{"event_name":"Mushrooms","player_choice":"Healed and dodged fight","floor":12,"cards_obtained":["Parasite"],"cards_removed":null,"cards_transformed":null,"cards_upgraded":null,"relics_obtained":null,"potions_obtained":null,"relics_lost":null,"damage_taken":0,"damage_healed":21,"max_hp_loss":0,"max_hp_gain":0,"gold_gain":0,"gold_loss":0},{"event_name":"Scrap Ooze","player_choice":"Success","floor":13,"cards_obtained":null,"cards_removed":null,"cards_transformed":null,"cards_upgraded":null,"relics_obtained":["Kunai"],"potions_obtained":null,"relics_lost":null,"damage_taken":12,"damage_healed":0,"max_hp_loss":0,"max_hp_gain":0,"gold_gain":0,"gold_loss":0},{"event_name":"Addict","player_choice":"Stole Relic","floor":21,"cards_obtained":["Shame"],"cards_removed":null,"cards_transformed":null,"cards_upgraded":null,"relics_obtained":["Ornamental Fan"],"potions_obtained":null,"relics_lost":null,"damage_taken":0,"damage_healed":0,"max_hp_loss":0,"max_hp_gain":0,"gold_gain":0,"gold_loss":0},{"event_name":"The Mausoleum","player_choice":"Opened","floor":25,"cards_obtained":["Writhe"],"cards_removed":null,"cards_transformed":null,"cards_upgraded":null,"relics_obtained":["Lantern"],"potions_obtained":null,"relics_lost":null,"damage_taken":0,"damage_healed":0,"max_hp_loss":0,"max_hp_gain":0,"gold_gain":0,"gold_loss":0}],"boss_relics":[{"picked":"Cursed Key","not_picked":["Pandora's Box","Tiny House"]}],"damage_taken":[{"floor":1,"enemies":"Jaw Worm","damage":7,"turns":3},{"floor":3,"enemies":"Small Slimes","damage":7,"turns":2},{"floor":6,"enemies":"3 Sentries","damage":21,"turns":6},{"floor":7,"enemies":"Cultist","damage":0,"turns":2},{"floor":8,"enemies":"Gremlin Nob","damage":9,"turns":3},{"floor":16,"enemies":"Hexaghost","damage":18,"turns":6},{"floor":18,"enemies":"Spheric Guardian","damage":0,"turns":2},{"floor":19,"enemies":"Chosen","damage":0,"turns":2},{"floor":22,"enemies":"Snake Plant","damage":10,"turns":2},{"floor":23,"enemies":"Slavers","damage":50,"turns":3},{"floor":27,"enemies":"Cultist and Chosen","damage":2,"turns":3},{"floor":28,"enemies":"Gremlin Leader","damage":8,"turns":2},{"floor":30,"enemies":"Centurion and Healer","damage":19,"turns":4},{"floor":33,"enemies":"Automaton","damage":79,"turns":6}],"potions_obtained":[{"key":"SpeedPotion","floor":1},{"key":"FocusPotion","floor":3},{"key":"FearPotion","floor":6},{"key":"Weak Potion","floor":8},{"key":"LiquidMemories","floor":19},{"key":"SteroidPotion","floor":28}],"relics_obtained":[{"key":"Du-Vu Doll","floor":6},{"key":"Molten Egg 2","floor":8},{"key":"Pear","floor":9},{"key":"Cables","floor":14},{"key":"Matryoshka","floor":23},{"key":"MawBank","floor":26},{"key":"Gremlin Horn","floor":26},{"key":"Smiling Mask","floor":28},{"key":"Happy Flower","floor":31},{"key":"Potion Belt","floor":31}],"campfire_choices":[{"floor":11,"key":"REST"},{"floor":15,"key":"SMITH","data":"Zap"},{"floor":24,"key":"REST"},{"floor":32,"key":"REST"}],"circlet_count":0,"win_rate":0,"killed_by":"Automaton"}