{"play_id":"af56ee54-2175-4714-b061-40ea89a4365a","build_version":"2020-01-27","seed_played":"6712447089453705411","chose_seed":false,"seed_source_timestamp":0,"is_daily":false,"special_seed":0,"is_trial":false,"is_endless":false,"is_ascension_mode":true,"ascension_level":10,"neow_bonus":"THREE_ENEMY_KILL","neow_cost":"NONE","is_beta":false,"is_prod":false,"victory":false,"floor_reached":14,"score":182,"timestamp":1702781973,"local_time":"12/17/2023 02:59:33","playtime":476,"player_experience":421257,"master_deck":["AscendersBane","Strike_B+1","Strike_B","Strike_B","Defend_B","Defend_B","Defend_B","Defend_B","Zap+1","Dualcast","Double Energy+1","Capacitor","Darkness+1","Doubt","Beam Cell","Darkness","White Noise"],"relics":["Cracked Core","NeowsBlessing","Calipers","Blue Candle","Sundial","Shuriken"],"gold":349,"campfire_rested":1,"campfire_upgraded":1,"purchased_purges":1,"potions_floor_spawned":[1,4],"potions_floor_usage":[11],"current_hp_per_floor":[68,68,68,68,68,68,68,68,68,61,6,28,13,0],"max_hp_per_floor":[75,75,75,75,75,75,75,75,75,75,75,75,75,75],"gold_per_floor":[119,119,9,23,198,227,306,306,306,320,349,349,349,349],"path_per_floor":["M","?","$","M","?","E","T","R","T","M","E","R","?","M"],"path_taken":["M","?","$","?","?","E","?","R","T","?","E","R","?","M"],"items_purchased":["Capacitor"],"item_purchase_floors":[3],"items_purged":["Strike_B"],"items_purged_floors":[3],"character_chosen":"DEFECT","card_choices":[{"picked":"Double Energy","not_picked":["Hello World","Blizzard"],"floor":1},{"picked":"Darkness","not_picked":["Loop","Cold Snap"],"floor":4},{"picked":"Beam Cell","not_picked":["Steam Power","Multi-Cast"],"floor":6},{"picked":"Darkness","not_picked":["Chaos","Tempest"],"floor":10},{"picked":"White Noise","not_picked":["Gash","Rebound"],"floor":11}],"event_choices":[{"event_name":"Upgrade Shrine","player_choice":"Upgraded","floor":2,"cards_obtained":null,"cards_removed":null,"cards_transformed":null,"cards_upgraded":["Double Energy"],"relics_obtained":null,"potions_obtained":null,"relics_lost":null,"damage_taken":0,"damage_healed":0,"max_hp_loss":0,"max_hp_gain":0,"gold_gain":0,"gold_loss":0},{"event_name":"Liars Game","player_choice":"AGREE","floor":5,"cards_obtained":["Doubt"],"cards_removed":null,"cards_transformed":null,"cards_upgraded":null,"relics_obtained":null,"potions_obtained":null,"relics_lost":null,"damage_taken":0,"damage_healed":0,"max_hp_loss":0,"max_hp_gain":0,"gold_gain":175,"gold_loss":0},{"event_name":"Shining Light","player_choice":"Entered Light","floor":13,"cards_obtained":null,"cards_removed":null,"cards_transformed":null,"cards_upgraded":["Strike_B","Zap"],"relics_obtained":null,"potions_obtained":null,"relics_lost":null,"damage_taken":15,"damage_healed":0,"max_hp_loss":0,"max_hp_gain":0,"gold_gain":0,"gold_loss":0}],"boss_relics":[],"damage_taken":[{"floor":1,"enemies":"Cultist","damage":0,"turns":1},{"floor":4,"enemies":"2 Louse","damage":0,"turns":1},{"floor":6,"enemies":"Gremlin Nob","damage":0,"turns":1},{"floor":10,"enemies":"Jaw Worm","damage":7,"turns":4},{"floor":11,"enemies":"3 Sentries","damage":55,"turns":9},{"floor":14,"enemies":"Exordium Wildlife","damage":15,"turns":1}],"potions_obtained":[{"key":"PotionOfCapacity","floor":1},{"key":"Fire Potion","floor":4}],"relics_obtained":[{"key":"Calipers","floor":6},{"key":"Blue Candle","floor":7},{"key":"Sundial","floor":9},{"key":"Shuriken","floor":11}],"campfire_choices":[{"floor":8,"key":"SMITH","data":"Darkness"},{"floor":12,"key":"REST"}],"circlet_count":0,"win_rate":0,"killed_by":"Exordium Wildlife"}