{"play_id":"b369c847-89a7-4b9d-8e44-600e5f21aaee","build_version":"2020-01-27","seed_played":"2711810258602381734","chose_seed":false,"seed_source_timestamp":1137650055282,"is_daily":false,"special_seed":null,"is_trial":false,"is_endless":false,"is_ascension_mode":true,"ascension_level":10,"neow_bonus":"TEN_PERCENT_HP_BONUS","neow_cost":"NONE","is_beta":false,"is_prod":false,"victory":false,"floor_reached":33,"score":492,"timestamp":1702814863,"local_time":"12/17/2023 12:07:43","playtime":1391,"player_experience":421733,"master_deck":["AscendersBane","Strike_B","Defend_B","Defend_B","Defend_B","Defend_B","Zap+1","Dualcast","Ball Lightning","Storm+1","Doom and Gloom+1","Go for the Eyes","Thunder Strike+1","Coolheaded","Lockon+1","Electrodynamics","Undo","Electrodynamics","Static Discharge+1","Undo+1","Ball Lightning"],"relics":["Cracked Core","Pear","Orichalcum","White Beast Statue","Empty Cage","DollysMirror","Smiling Mask","Lantern","Bottled Lightning","Nunchaku"],"gold":146,"campfire_rested":1,"campfire_upgraded":6,"purchased_purges":1,"potions_floor_spawned":[1,8,13,14,16,18,19,21,23,25,27,31],"potions_floor_usage":[6,16,16,16,16,16,21,23,23,27,31,31,31,33],"current_hp_per_floor":[72,58,58,78,78,53,53,22,22,22,22,22,22,22,22,18,74,74,68,68,63,63,46,46,18,18,7,37,37,37,4,31,0],"max_hp_per_floor":[82,82,82,82,82,92,92,92,92,92,92,92,92,92,92,92,92,92,92,92,92,92,92,92,92,92,92,92,92,92,92,92,92],"gold_per_floor":[115,127,47,12,12,47,47,81,81,81,6,6,20,32,32,133,133,149,162,19,39,39,66,66,97,97,115,115,115,115,146,146,146],"path_per_floor":["M","M","$","?","?","E","R","E","T","R","$","R","M","M","R","B",null,"M","M","$","M","$","E","R","E","T","M","?","R","?","E","R","B"],"path_taken":["M","M","$","?","?","E","R","E","T","R","$","R","M","M","R","BOSS","M","M","$","M","$","E","R","E","T","?","?","R","?","E","R","BOSS"],"items_purchased":["Doom and Gloom","DollysMirror"],"item_purchase_floors":[3,20],"items_purged":["Strike_B"],"items_purged_floors":[11],"character_chosen":"DEFECT","card_choices":[{"picked":"Ball Lightning","not_picked":["Coolheaded","Beam Cell"],"floor":1},{"picked":"Storm","not_picked":["Rip and Tear","Hologram"],"floor":2},{"picked":"Go for the Eyes","not_picked":["Coolheaded","Recycle"],"floor":6},{"picked":"Thunder Strike","not_picked":["Turbo","Heatsinks"],"floor":8},{"picked":"Coolheaded","not_picked":["Leap","Stack"],"floor":13},{"picked":"Lockon","not_picked":["Glacier","Hologram"],"floor":14},{"picked":"Electrodynamics","not_picked":["Biased Cognition","Creative AI"],"floor":16},{"picked":"SKIP","not_picked":["Aggregate","Beam Cell","Hologram"],"floor":18},{"picked":"Undo","not_picked":["Reinforced Body","Cold Snap"],"floor":19},{"picked":"SKIP","not_picked":["Cold Snap","Reprogram+1","Reinforced Body"],"floor":21},{"picked":"Static Discharge","not_picked":["Gash+1","White Noise"],"floor":23},{"picked":"Undo+1","not_picked":["Leap","Loop"],"floor":25},{"picked":"Ball Lightning","not_picked":["Undo+1","Gash+1"],"floor":27},{"picked":"SKIP","not_picked":["Skim","Turbo","Redo"],"floor":31}],"event_choices":[{"event_name":"The Cleric","player_choice":"Healed","floor":4,"cards_obtained":null,"cards_removed":null,"cards_transformed":null,"cards_upgraded":null,"relics_obtained":null,"potions_obtained":null,"relics_lost":null,"damage_taken":0,"damage_healed":20,"max_hp_loss":0,"max_hp_gain":0,"gold_gain":0,"gold_loss":35},{"event_name":"Lab","player_choice":"Got Potions","floor":5,"cards_obtained":null,"cards_removed":null,"cards_transformed":null,"cards_upgraded":null,"relics_obtained":null,"potions_obtained":null,"relics_lost":null,"damage_taken":0,"damage_healed":0,"max_hp_loss":0,"max_hp_gain":0,"gold_gain":0,"gold_loss":0},{"event_name":"The Library","player_choice":"Heal","floor":28,"cards_obtained":null,"cards_removed":null,"cards_transformed":null,"cards_upgraded":null,"relics_obtained":null,"potions_obtained":null,"relics_lost":null,"damage_taken":0,"damage_healed":30,"max_hp_loss":0,"max_hp_gain":0,"gold_gain":0,"gold_loss":0},{"event_name":"Ghosts","player_choice":"Ignored","floor":30,"cards_obtained":null,"cards_removed":null,"cards_transformed":null,"cards_upgraded":null,"relics_obtained":null,"potions_obtained":null,"relics_lost":null,"damage_taken":0,"damage_healed":0,"max_hp_loss":0,"max_hp_gain":0,"gold_gain":0,"gold_loss":0}],"boss_relics":[{"picked":"Empty Cage","not_picked":["Snecko Eye","Ectoplasm"]}],"damage_taken":[{"floor":1,"enemies":"Small Slimes","damage":3,"turns":3},{"floor":2,"enemies":"2 Louse","damage":14,"turns":3},{"floor":6,"enemies":"3 Sentries","damage":35,"turns":6},{"floor":8,"enemies":"Gremlin Nob","damage":31,"turns":4},{"floor":13,"enemies":"Cultist","damage":0,"turns":3},{"floor":14,"enemies":"2 Fungi Beasts","damage":0,"turns":2},{"floor":16,"enemies":"Slime Boss","damage":4,"turns":6},{"floor":18,"enemies":"3 Byrds","damage":0,"turns":2},{"floor":19,"enemies":"Chosen","damage":6,"turns":4},{"floor":21,"enemies":"Snecko","damage":5,"turns":4},{"floor":23,"enemies":"Slavers","damage":17,"turns":3},{"floor":25,"enemies":"Book of Stabbing","damage":28,"turns":4},{"floor":27,"enemies":"Snake Plant","damage":11,"turns":3},{"floor":31,"enemies":"Slavers","damage":33,"turns":4},{"floor":33,"enemies":"Automaton","damage":68,"turns":6}],"potions_obtained":[{"key":"Weak Potion","floor":1},{"key":"BlessingOfTheForge","floor":5},{"key":"Ancient Potion","floor":5},{"key":"Ancient Potion","floor":8},{"key":"EntropicBrew","floor":13},{"key":"AttackPotion","floor":14},{"key":"SteroidPotion","floor":16},{"key":"Fire Potion","floor":18},{"key":"PowerPotion","floor":19},{"key":"AttackPotion","floor":21},{"key":"Dexterity Potion","floor":23},{"key":"Weak Potion","floor":25},{"key":"FearPotion","floor":27},{"key":"SpeedPotion","floor":31}],"relics_obtained":[{"key":"Pear","floor":6},{"key":"Orichalcum","floor":8},{"key":"White Beast Statue","floor":9},{"key":"Smiling Mask","floor":23},{"key":"Lantern","floor":25},{"key":"Bottled Lightning","floor":26},{"key":"Nunchaku","floor":31}],"campfire_choices":[{"floor":7,"key":"SMITH","data":"Zap"},{"floor":10,"key":"SMITH","data":"Doom and Gloom"},{"floor":12,"key":"SMITH","data":"Storm"},{"floor":15,"key":"SMITH","data":"Lockon"},{"floor":24,"key":"SMITH","data":"Static Discharge"},{"floor":29,"key":"SMITH","data":"Thunder Strike"},{"floor":32,"key":"REST"}],"circlet_count":0,"win_rate":0,"killed_by":"Automaton"}