{"play_id":"7bbdf3c4-18e2-4305-8bd9-fa166d4860d6","build_version":"2020-01-27","seed_played":"245264975609476391","chose_seed":false,"seed_source_timestamp":251978161821,"is_daily":false,"special_seed":null,"is_trial":false,"is_endless":false,"is_ascension_mode":true,"ascension_level":10,"neow_bonus":"ONE_RANDOM_RARE_CARD","neow_cost":"NONE","is_beta":false,"is_prod":false,"victory":false,"floor_reached":16,"score":162,"timestamp":1702950112,"local_time":"12/19/2023 01:41:52","playtime":441,"player_experience":425936,"master_deck":["AscendersBane","Strike_B","Strike_B","Strike_B","Defend_B","Defend_B","Defend_B","Defend_B+1","Zap+1","Dualcast+1","Biased Cognition","Defragment+1","Chaos","Lockon","Parasite","Loop"],"relics":["Cracked Core","Pen Nib","War Paint","Nunchaku","Anchor","Golden Idol"],"gold":148,"campfire_rested":1,"campfire_upgraded":1,"purchased_purges":1,"potions_floor_spawned":[4,8,13],"potions_floor_usage":[6,13,16],"current_hp_per_floor":[68,53,53,44,44,19,19,6,6,24,46,46,23,23,23,0],"max_hp_per_floor":[75,75,75,75,75,75,75,75,75,75,75,75,75,69,69,69],"gold_per_floor":[117,131,17,33,33,58,58,74,98,98,98,123,148,148,148,148],"path_per_floor":["M","M","$","M","$","E","?","M","T","?","R","T","E","?","R","B"],"path_taken":["M","M","$","?","?","E","?","?","T","?","R","?","E","?","R","BOSS"],"items_purchased":["Chaos"],"item_purchase_floors":[3],"items_purged":["Strike_B"],"items_purged_floors":[3],"character_chosen":"DEFECT","card_choices":[{"picked":"Defragment","not_picked":["Gash","Beam Cell"],"floor":1},{"picked":"SKIP","not_picked":["Aggregate","Storm","Leap"],"floor":2},{"picked":"SKIP","not_picked":["Barrage","Reprogram","Sweeping Beam"],"floor":4},{"picked":"Lockon","not_picked":["Blizzard","Cold Snap"],"floor":6},{"picked":"SKIP","not_picked":["Stack","Coolheaded","Redo"],"floor":8},{"picked":"Loop","not_picked":["Self Repair","Recycle"],"floor":13}],"event_choices":[{"event_name":"Upgrade Shrine","player_choice":"Upgraded","floor":7,"cards_obtained":null,"cards_removed":null,"cards_transformed":null,"cards_upgraded":["Zap"],"relics_obtained":null,"potions_obtained":null,"relics_lost":null,"damage_taken":0,"damage_healed":0,"max_hp_loss":0,"max_hp_gain":0,"gold_gain":0,"gold_loss":0},{"event_name":"Mushrooms","player_choice":"Healed and dodged fight","floor":10,"cards_obtained":["Parasite"],"cards_removed":null,"cards_transformed":null,"cards_upgraded":null,"relics_obtained":null,"potions_obtained":null,"relics_lost":null,"damage_taken":0,"damage_healed":18,"max_hp_loss":0,"max_hp_gain":0,"gold_gain":0,"gold_loss":0},{"event_name":"Golden Idol","player_choice":"Lose Max HP","floor":14,"cards_obtained":null,"cards_removed":null,"cards_transformed":null,"cards_upgraded":null,"relics_obtained":["Golden Idol"],"potions_obtained":null,"relics_lost":null,"damage_taken":0,"damage_healed":0,"max_hp_loss":6,"max_hp_gain":0,"gold_gain":0,"gold_loss":0}],"boss_relics":[],"damage_taken":[{"floor":1,"enemies":"Cultist","damage":0,"turns":4},{"floor":2,"enemies":"Small Slimes","damage":15,"turns":3},{"floor":4,"enemies":"Jaw Worm","damage":9,"turns":4},{"floor":6,"enemies":"3 Sentries","damage":25,"turns":6},{"floor":8,"enemies":"Blue Slaver","damage":13,"turns":2},{"floor":13,"enemies":"Lagavulin","damage":23,"turns":6},{"floor":16,"enemies":"Slime Boss","damage":27,"turns":5}],"potions_obtained":[{"key":"GamblersBrew","floor":4},{"key":"Dexterity Potion","floor":8},{"key":"PowerPotion","floor":13}],"relics_obtained":[{"key":"Pen Nib","floor":6},{"key":"War Paint","floor":9},{"key":"Nunchaku","floor":12},{"key":"Anchor","floor":13}],"campfire_choices":[{"floor":11,"key":"REST"},{"floor":15,"key":"SMITH","data":"Defragment"}],"circlet_count":0,"win_rate":0,"killed_by":"Slime Boss"}