{"play_id":"23ec4664-a24b-4b4d-98d9-a5fe3defd11e","build_version":"2020-01-27","seed_played":"-3059906670412813414","chose_seed":false,"seed_source_timestamp":1026848972249,"is_daily":false,"special_seed":null,"is_trial":false,"is_endless":false,"is_ascension_mode":true,"ascension_level":10,"neow_bonus":"TEN_PERCENT_HP_BONUS","neow_cost":"NONE","is_beta":false,"is_prod":false,"victory":false,"floor_reached":22,"score":303,"timestamp":1703284834,"local_time":"12/22/2023 22:40:34","playtime":875,"player_experience":432329,"master_deck":["AscendersBane","Strike_B","Strike_B","Defend_B","Defend_B","Zap+1","Dualcast","Streamline","Gash","Reboot","Auto Shields","Sunder","Tempest+1","Skim","Thunder Strike","Static Discharge+1","Undo"],"relics":["Cracked Core","HornCleat","MealTicket","MawBank","Golden Idol","Boot","Blood Vial","Empty Cage"],"gold":213,"campfire_rested":0,"campfire_upgraded":2,"purchased_purges":1,"potions_floor_spawned":[1,3,14,16,20],"potions_floor_usage":[6,18,21,22],"current_hp_per_floor":[73,73,64,64,82,57,57,50,50,32,32,6,21,21,21,10,64,63,63,14,16,0],"max_hp_per_floor":[82,82,82,82,82,82,82,82,82,82,82,82,82,82,82,82,82,82,82,82,82,82],"gold_per_floor":[110,35,47,47,12,45,45,45,45,71,83,138,6,20,20,146,146,164,164,188,213,213],"path_per_floor":["M","$","M","?","?","E","R","?","T","E","?","E","$","M","R","B",null,"M","?","M","M","M"],"path_taken":["M","$","M","?","?","E","R","?","T","E","?","E","$","M","R","BOSS","M","?","?","?","M"],"items_purchased":["Blood Vial"],"item_purchase_floors":[13],"items_purged":["Strike_B"],"items_purged_floors":[2],"character_chosen":"DEFECT","card_choices":[{"picked":"Streamline","not_picked":["FTL","Stack"],"floor":1},{"picked":"Gash","not_picked":["Blizzard","Redo"],"floor":3},{"picked":"Auto Shields","not_picked":["Compile Driver","Double Energy"],"floor":6},{"picked":"Sunder","not_picked":["Leap","Go for the Eyes"],"floor":10},{"picked":"Tempest","not_picked":["Conserve Battery","Compile Driver"],"floor":12},{"picked":"Skim","not_picked":["Consume","Chaos"],"floor":14},{"picked":"Thunder Strike","not_picked":["Fission","Echo Form"],"floor":16},{"picked":"SKIP","not_picked":["Barrage","Recycle","Aggregate"],"floor":18},{"picked":"Static Discharge+1","not_picked":["Steam Power","Undo"],"floor":20},{"picked":"Undo","not_picked":["Compile Driver","Conserve Battery"],"floor":21}],"event_choices":[{"event_name":"Living Wall","player_choice":"Change","floor":4,"cards_obtained":["Reboot"],"cards_removed":null,"cards_transformed":["Strike_B"],"cards_upgraded":null,"relics_obtained":null,"potions_obtained":null,"relics_lost":null,"damage_taken":0,"damage_healed":0,"max_hp_loss":0,"max_hp_gain":0,"gold_gain":0,"gold_loss":0},{"event_name":"The Cleric","player_choice":"Healed","floor":5,"cards_obtained":null,"cards_removed":null,"cards_transformed":null,"cards_upgraded":null,"relics_obtained":null,"potions_obtained":null,"relics_lost":null,"damage_taken":0,"damage_healed":20,"max_hp_loss":0,"max_hp_gain":0,"gold_gain":0,"gold_loss":35},{"event_name":"Golden Wing","player_choice":"Card Removal","floor":8,"cards_obtained":null,"cards_removed":["Defend_B"],"cards_transformed":null,"cards_upgraded":null,"relics_obtained":null,"potions_obtained":null,"relics_lost":null,"damage_taken":7,"damage_healed":0,"max_hp_loss":0,"max_hp_gain":0,"gold_gain":0,"gold_loss":0},{"event_name":"Golden Idol","player_choice":"Take Wound","floor":11,"cards_obtained":["Injury"],"cards_removed":null,"cards_transformed":null,"cards_upgraded":null,"relics_obtained":["Golden Idol"],"potions_obtained":null,"relics_lost":null,"damage_taken":0,"damage_healed":0,"max_hp_loss":0,"max_hp_gain":0,"gold_gain":0,"gold_loss":0},{"event_name":"Match and Keep!","player_choice":"0 cards matched","floor":19,"cards_obtained":[],"cards_removed":null,"cards_transformed":null,"cards_upgraded":null,"relics_obtained":null,"potions_obtained":null,"relics_lost":null,"damage_taken":0,"damage_healed":0,"max_hp_loss":0,"max_hp_gain":0,"gold_gain":0,"gold_loss":0}],"boss_relics":[{"picked":"Empty Cage","not_picked":["Pandora's Box","Calling Bell"]}],"damage_taken":[{"floor":1,"enemies":"Small Slimes","damage":2,"turns":3},{"floor":3,"enemies":"Jaw Worm","damage":9,"turns":3},{"floor":6,"enemies":"3 Sentries","damage":25,"turns":6},{"floor":10,"enemies":"Gremlin Nob","damage":18,"turns":4},{"floor":12,"enemies":"3 Sentries","damage":26,"turns":6},{"floor":14,"enemies":"2 Louse","damage":2,"turns":2},{"floor":16,"enemies":"Hexaghost","damage":13,"turns":9},{"floor":18,"enemies":"Shell Parasite","damage":3,"turns":3},{"floor":20,"enemies":"3 Byrds","damage":51,"turns":5},{"floor":21,"enemies":"Snake Plant","damage":27,"turns":3},{"floor":22,"enemies":"Cultist and Chosen","damage":18,"turns":4}],"potions_obtained":[{"key":"AttackPotion","floor":1},{"key":"FairyPotion","floor":3},{"key":"Dexterity Potion","floor":14},{"key":"SteroidPotion","floor":16},{"key":"Swift Potion","floor":20}],"relics_obtained":[{"key":"HornCleat","floor":6},{"key":"MealTicket","floor":9},{"key":"MawBank","floor":10},{"key":"Boot","floor":12}],"campfire_choices":[{"floor":7,"key":"SMITH","data":"Zap"},{"floor":15,"key":"SMITH","data":"Tempest"}],"circlet_count":0,"win_rate":0,"killed_by":"Cultist and Chosen"}