{"play_id":"f28b6bf6-e6e2-4e06-8a9d-77455dec30c9","build_version":"2020-01-27","seed_played":"-8482145438200557755","chose_seed":false,"seed_source_timestamp":0,"is_daily":false,"special_seed":0,"is_trial":false,"is_endless":false,"is_ascension_mode":true,"ascension_level":10,"neow_bonus":"THREE_ENEMY_KILL","neow_cost":"NONE","is_beta":false,"is_prod":false,"victory":false,"floor_reached":24,"score":344,"timestamp":1703445016,"local_time":"12/24/2023 19:10:16","playtime":1244,"player_experience":441055,"master_deck":["AscendersBane","Strike_B","Strike_B","Defend_B","Defend_B","Defend_B","Zap+1","Dualcast+1","Leap","Gash","Ball Lightning","Undo","Scrape+1","Undo","Glacier","Buffer+1","Cold Snap+1","Thunder Strike","Ball Lightning"],"relics":["FrozenCore","NeowsBlessing","Mummified Hand","Ancient Tea Set","The Courier","PreservedInsect","Bronze Scales"],"gold":23,"campfire_rested":0,"campfire_upgraded":4,"purchased_purges":2,"potions_floor_spawned":[10,14,16],"potions_floor_usage":[22,22,22,24,24],"current_hp_per_floor":[68,65,54,54,54,54,54,54,54,54,59,59,49,47,47,45,71,60,60,60,60,38,38,0],"max_hp_per_floor":[75,75,75,75,75,75,75,75,75,75,80,80,80,80,80,80,80,80,80,80,80,80,80,80],"gold_per_floor":[116,116,191,191,202,202,229,229,229,249,249,11,40,59,59,154,154,166,182,232,3,23,23,23],"path_per_floor":["M","?","?","?","M","R","E","R","T","M","?","$","E","M","R","B",null,"M","M","?","$","M","R","E"],"path_taken":["M","?","?","?","?","R","E","R","T","M","?","$","E","M","R","BOSS","BOSS","M","M","?","$","M","R","E"],"items_purchased":["PreservedInsect","Scrape","Thunder Strike","Ball Lightning"],"item_purchase_floors":[12,12,21,21],"items_purged":["Strike_B","Strike_B"],"items_purged_floors":[12,21],"character_chosen":"DEFECT","card_choices":[{"picked":"Leap","not_picked":["Rebound","Barrage"],"floor":1},{"picked":"Gash","not_picked":["Go for the Eyes","Leap"],"floor":5},{"picked":"Ball Lightning","not_picked":["Stack","Gash"],"floor":7},{"picked":"Undo","not_picked":["Sweeping Beam","Go for the Eyes"],"floor":10},{"picked":"Undo","not_picked":["Hologram","Barrage"],"floor":13},{"picked":"Glacier","not_picked":["Loop","Melter"],"floor":14},{"picked":"Buffer","not_picked":["Rainbow","Thunder Strike"],"floor":16},{"picked":"Cold Snap+1","not_picked":["Coolheaded","Compile Driver"],"floor":18},{"picked":"SKIP","not_picked":["Redo","Stack+1","Cold Snap"],"floor":19},{"picked":"SKIP","not_picked":["Compile Driver","Melter","Sunder"],"floor":22}],"event_choices":[{"event_name":"Scrap Ooze","player_choice":"Success","floor":2,"cards_obtained":null,"cards_removed":null,"cards_transformed":null,"cards_upgraded":null,"relics_obtained":["Mummified Hand"],"potions_obtained":null,"relics_lost":null,"damage_taken":3,"damage_healed":0,"max_hp_loss":0,"max_hp_gain":0,"gold_gain":0,"gold_loss":0},{"event_name":"World of Goop","player_choice":"Gather Gold","floor":3,"cards_obtained":null,"cards_removed":null,"cards_transformed":null,"cards_upgraded":null,"relics_obtained":null,"potions_obtained":null,"relics_lost":null,"damage_taken":11,"damage_healed":0,"max_hp_loss":0,"max_hp_gain":0,"gold_gain":75,"gold_loss":0},{"event_name":"Bonfire Elementals","player_choice":"Offered Basic","floor":4,"cards_obtained":null,"cards_removed":["Defend_B"],"cards_transformed":null,"cards_upgraded":null,"relics_obtained":null,"potions_obtained":null,"relics_lost":null,"damage_taken":0,"damage_healed":0,"max_hp_loss":0,"max_hp_gain":0,"gold_gain":0,"gold_loss":0},{"event_name":"Big Fish","player_choice":"Donut","floor":11,"cards_obtained":null,"cards_removed":null,"cards_transformed":null,"cards_upgraded":null,"relics_obtained":null,"potions_obtained":null,"relics_lost":null,"damage_taken":0,"damage_healed":0,"max_hp_loss":0,"max_hp_gain":5,"gold_gain":0,"gold_loss":0},{"event_name":"The Joust","player_choice":"Bet on Murderer","floor":20,"cards_obtained":null,"cards_removed":null,"cards_transformed":null,"cards_upgraded":null,"relics_obtained":null,"potions_obtained":null,"relics_lost":null,"damage_taken":0,"damage_healed":0,"max_hp_loss":0,"max_hp_gain":0,"gold_gain":100,"gold_loss":50}],"boss_relics":[{"picked":"FrozenCore","not_picked":["SacredBark","Velvet Choker"]}],"damage_taken":[{"floor":1,"enemies":"2 Louse","damage":0,"turns":1},{"floor":5,"enemies":"Small Slimes","damage":0,"turns":1},{"floor":7,"enemies":"Gremlin Nob","damage":0,"turns":1},{"floor":10,"enemies":"Cultist","damage":0,"turns":2},{"floor":13,"enemies":"Lagavulin","damage":10,"turns":4},{"floor":14,"enemies":"Looter","damage":2,"turns":2},{"floor":16,"enemies":"The Guardian","damage":2,"turns":9},{"floor":18,"enemies":"Spheric Guardian","damage":11,"turns":4},{"floor":19,"enemies":"Chosen","damage":0,"turns":4},{"floor":22,"enemies":"Centurion and Healer","damage":22,"turns":7},{"floor":24,"enemies":"Gremlin Leader","damage":50,"turns":8}],"potions_obtained":[{"key":"EntropicBrew","floor":10},{"key":"Block Potion","floor":14},{"key":"AttackPotion","floor":16}],"relics_obtained":[{"key":"Ancient Tea Set","floor":7},{"key":"The Courier","floor":9},{"key":"Bronze Scales","floor":13}],"campfire_choices":[{"floor":6,"key":"SMITH","data":"Zap"},{"floor":8,"key":"SMITH","data":"Dualcast"},{"floor":15,"key":"SMITH","data":"Scrape"},{"floor":23,"key":"SMITH","data":"Buffer"}],"circlet_count":0,"win_rate":0,"killed_by":"Gremlin Leader"}