{"play_id":"8844ecc0-5941-4c07-a26a-728bb0c2c1f7","build_version":"2020-01-27","seed_played":"4348197649915507412","chose_seed":false,"seed_source_timestamp":0,"is_daily":false,"special_seed":0,"is_trial":false,"is_endless":false,"is_ascension_mode":true,"ascension_level":10,"neow_bonus":"UPGRADE_CARD","neow_cost":"NONE","is_beta":false,"is_prod":false,"victory":false,"floor_reached":23,"score":327,"timestamp":1703195830,"local_time":"12/21/2023 21:57:10","playtime":1077,"player_experience":428542,"master_deck":["AscendersBane","Strike_B","Defend_B+1","Zap+1","Dualcast+1","Glacier+1","Ball Lightning","Buffer+1","Capacitor+1","Thunder Strike","Reinforced Body+1","Reprogram+1","Reprogram+1","Beam Cell","Genetic Algorithm","Gash"],"relics":["Cracked Core","PreservedInsect","Bird Faced Urn","Tiny Chest","Astrolabe","Ginger"],"gold":75,"campfire_rested":0,"campfire_upgraded":3,"purchased_purges":3,"potions_floor_spawned":[8,10,18],"potions_floor_usage":[23,23],"current_hp_per_floor":[61,46,71,71,71,71,71,55,55,55,55,55,55,59,59,35,65,57,57,57,57,57,0],"max_hp_per_floor":[75,75,75,75,75,75,75,75,75,75,75,75,75,75,75,75,75,75,75,75,75,75,75],"gold_per_floor":[110,110,110,125,50,50,225,257,257,268,168,168,99,127,127,227,227,247,247,75,75,75,75],"path_per_floor":["M","?","?","M","$","R","?","E","T","M","$","R","$","E","R","B","ul","M","T","$","?","?","E"],"path_taken":["M","?","?","M","$","R","?","E","T","?","$","R","$","E","R","BOSS","M","?","$","?","?","E"],"items_purchased":["Capacitor","Beam Cell"],"item_purchase_floors":[13,20],"items_purged":["Defend_B","Doubt","Coolheaded"],"items_purged_floors":[5,11,20],"character_chosen":"DEFECT","card_choices":[{"picked":"SKIP","not_picked":["Leap","Reprogram","Steam"],"floor":1},{"picked":"Glacier","not_picked":["Barrage","Aggregate"],"floor":4},{"picked":"Ball Lightning","not_picked":["FTL","Storm"],"floor":8},{"picked":"Buffer","not_picked":["Sweeping Beam","Steam"],"floor":10},{"picked":"Coolheaded","not_picked":["Skim","Compile Driver"],"floor":14},{"picked":"Thunder Strike","not_picked":["Reboot","Fission"],"floor":16},{"picked":"SKIP","not_picked":["Barrage","Force Field","Leap"],"floor":18}],"event_choices":[{"event_name":"Shining Light","player_choice":"Entered Light","floor":2,"cards_obtained":null,"cards_removed":null,"cards_transformed":null,"cards_upgraded":["Defend_B","Dualcast"],"relics_obtained":null,"potions_obtained":null,"relics_lost":null,"damage_taken":15,"damage_healed":0,"max_hp_loss":0,"max_hp_gain":0,"gold_gain":0,"gold_loss":0},{"event_name":"Big Fish","player_choice":"Banana","floor":3,"cards_obtained":null,"cards_removed":null,"cards_transformed":null,"cards_upgraded":null,"relics_obtained":null,"potions_obtained":null,"relics_lost":null,"damage_taken":0,"damage_healed":25,"max_hp_loss":0,"max_hp_gain":0,"gold_gain":0,"gold_loss":0},{"event_name":"Liars Game","player_choice":"AGREE","floor":7,"cards_obtained":["Doubt"],"cards_removed":null,"cards_transformed":null,"cards_upgraded":null,"relics_obtained":null,"potions_obtained":null,"relics_lost":null,"damage_taken":0,"damage_healed":0,"max_hp_loss":0,"max_hp_gain":0,"gold_gain":175,"gold_loss":0},{"event_name":"Drug Dealer","player_choice":"Became Test Subject","floor":21,"cards_obtained":["Genetic Algorithm","Gash"],"cards_removed":null,"cards_transformed":["Defend_B","Strike_B"],"cards_upgraded":null,"relics_obtained":null,"potions_obtained":null,"relics_lost":null,"damage_taken":0,"damage_healed":0,"max_hp_loss":0,"max_hp_gain":0,"gold_gain":0,"gold_loss":0},{"event_name":"Cursed Tome","player_choice":"Ignored","floor":22,"cards_obtained":null,"cards_removed":null,"cards_transformed":null,"cards_upgraded":null,"relics_obtained":null,"potions_obtained":null,"relics_lost":null,"damage_taken":0,"damage_healed":0,"max_hp_loss":0,"max_hp_gain":0,"gold_gain":0,"gold_loss":0}],"boss_relics":[{"picked":"Astrolabe","not_picked":["Fusion Hammer","Snecko Eye"]}],"damage_taken":[{"floor":1,"enemies":"Jaw Worm","damage":7,"turns":3},{"floor":4,"enemies":"2 Louse","damage":0,"turns":2},{"floor":8,"enemies":"Lagavulin","damage":16,"turns":10},{"floor":10,"enemies":"Small Slimes","damage":0,"turns":2},{"floor":14,"enemies":"3 Sentries","damage":0,"turns":9},{"floor":16,"enemies":"The Guardian","damage":28,"turns":13},{"floor":18,"enemies":"Chosen","damage":12,"turns":7},{"floor":23,"enemies":"Slavers","damage":65,"turns":7}],"potions_obtained":[{"key":"SpeedPotion","floor":8},{"key":"AttackPotion","floor":10},{"key":"SkillPotion","floor":18}],"relics_obtained":[{"key":"PreservedInsect","floor":8},{"key":"Bird Faced Urn","floor":9},{"key":"Tiny Chest","floor":14},{"key":"Ginger","floor":19}],"campfire_choices":[{"floor":6,"key":"SMITH","data":"Glacier"},{"floor":12,"key":"SMITH","data":"Buffer"},{"floor":15,"key":"SMITH","data":"Capacitor"}],"circlet_count":0,"win_rate":0,"killed_by":"Slavers"}