{"play_id":"2757fd13-2139-4fce-8673-dd225f53fdb2","build_version":"2020-01-27","seed_played":"-3378326617524899852","chose_seed":false,"seed_source_timestamp":97103273079,"is_daily":false,"special_seed":null,"is_trial":false,"is_endless":false,"is_ascension_mode":true,"ascension_level":10,"neow_bonus":"REMOVE_TWO","neow_cost":"TEN_PERCENT_HP_LOSS","is_beta":false,"is_prod":false,"victory":false,"floor_reached":14,"score":150,"timestamp":1703433789,"local_time":"12/24/2023 16:03:09","playtime":470,"player_experience":440585,"master_deck":["AscendersBane","Strike_B","Strike_B","Strike_B","Defend_B","Defend_B","Defend_B","Zap","Dualcast+1","Doom and Gloom","Sunder","BootSequence","Double Energy","Glacier"],"relics":["Cracked Core","Pear","Mummified Hand","Ornamental Fan","Golden Idol","Sundial"],"gold":247,"campfire_rested":1,"campfire_upgraded":1,"purchased_purges":0,"potions_floor_spawned":[1,2,13],"potions_floor_usage":[3,5],"current_hp_per_floor":[67,67,52,52,46,46,26,26,26,11,11,32,12,0],"max_hp_per_floor":[68,68,68,68,68,68,78,78,78,78,72,72,72,72],"gold_per_floor":[114,132,151,151,162,162,195,195,195,212,212,212,247,247],"path_per_floor":["M","M","M","?","M","R","E","T","T","M","?","R","E","M"],"path_taken":["M","M","M","?","?","R","E","?","T","M","?","R","E","M"],"items_purchased":[],"item_purchase_floors":[],"items_purged":[],"items_purged_floors":[],"character_chosen":"DEFECT","card_choices":[{"picked":"Doom and Gloom","not_picked":["Double Energy","Leap"],"floor":1},{"picked":"Sunder","not_picked":["Leap","Sweeping Beam"],"floor":2},{"picked":"SKIP","not_picked":["Gash","Streamline","Go for the Eyes"],"floor":3},{"picked":"BootSequence","not_picked":["Loop","Self Repair"],"floor":5},{"picked":"Double Energy","not_picked":["Gash","Redo"],"floor":7},{"picked":"Glacier","not_picked":["Cold Snap","Coolheaded"],"floor":10},{"picked":"SKIP","not_picked":["Blizzard","Gash","Redo"],"floor":13}],"event_choices":[{"event_name":"Match and Keep!","player_choice":"0 cards matched","floor":4,"cards_obtained":[],"cards_removed":null,"cards_transformed":null,"cards_upgraded":null,"relics_obtained":null,"potions_obtained":null,"relics_lost":null,"damage_taken":0,"damage_healed":0,"max_hp_loss":0,"max_hp_gain":0,"gold_gain":0,"gold_loss":0},{"event_name":"Golden Idol","player_choice":"Lose Max HP","floor":11,"cards_obtained":null,"cards_removed":null,"cards_transformed":null,"cards_upgraded":null,"relics_obtained":["Golden Idol"],"potions_obtained":null,"relics_lost":null,"damage_taken":0,"damage_healed":0,"max_hp_loss":6,"max_hp_gain":0,"gold_gain":0,"gold_loss":0}],"boss_relics":[],"damage_taken":[{"floor":1,"enemies":"Cultist","damage":1,"turns":3},{"floor":2,"enemies":"Small Slimes","damage":0,"turns":3},{"floor":3,"enemies":"2 Louse","damage":15,"turns":2},{"floor":5,"enemies":"Blue Slaver","damage":6,"turns":3},{"floor":7,"enemies":"Lagavulin","damage":30,"turns":7},{"floor":10,"enemies":"Gremlin Gang","damage":15,"turns":3},{"floor":13,"enemies":"3 Sentries","damage":20,"turns":5},{"floor":14,"enemies":"Exordium Thugs","damage":13,"turns":3}],"potions_obtained":[{"key":"Swift Potion","floor":1},{"key":"SneckoOil","floor":2},{"key":"LiquidBronze","floor":13}],"relics_obtained":[{"key":"Pear","floor":7},{"key":"Mummified Hand","floor":8},{"key":"Ornamental Fan","floor":9},{"key":"Sundial","floor":13}],"campfire_choices":[{"floor":6,"key":"SMITH","data":"Dualcast"},{"floor":12,"key":"REST"}],"circlet_count":0,"win_rate":0,"killed_by":"Exordium Thugs"}