{"play_id":"b18d4f92-47fd-4190-856f-e9fc4f106424","build_version":"2020-01-27","seed_played":"-681043625414588136","chose_seed":false,"seed_source_timestamp":1283469681624,"is_daily":false,"special_seed":null,"is_trial":false,"is_endless":false,"is_ascension_mode":true,"ascension_level":10,"neow_bonus":"ONE_RANDOM_RARE_CARD","neow_cost":"NONE","is_beta":false,"is_prod":false,"victory":false,"floor_reached":27,"score":377,"timestamp":1703379953,"local_time":"12/24/2023 01:05:53","playtime":854,"player_experience":438012,"master_deck":["AscendersBane","Strike_B","Strike_B","Defend_B+1","Defend_B","Defend_B+1","Defend_B","Zap+1","Dualcast+1","Hyperbeam+1","Conserve Battery","Force Field","Ball Lightning","Ball Lightning","Auto Shields","Ball Lightning","Electrodynamics","Melter+1","Capacitor+1","Seek"],"relics":["Cracked Core","MealTicket","Toy Ornithopter","Oddly Smooth Stone","Regal Pillow","Philosopher's Stone","Lantern","War Paint","Bottled Lightning","Molten Egg 2"],"gold":186,"campfire_rested":1,"campfire_upgraded":3,"purchased_purges":1,"potions_floor_spawned":[8,12,16,20,23],"potions_floor_usage":[14,23,23,25,25],"current_hp_per_floor":[68,68,68,56,56,56,56,20,20,20,20,20,20,11,48,14,60,34,34,34,34,49,40,40,3,3,0],"max_hp_per_floor":[75,75,75,75,75,75,75,75,75,75,75,75,75,75,75,75,75,75,75,75,75,75,75,75,75,75,75],"gold_per_floor":[110,110,63,77,123,123,147,174,174,174,194,210,220,240,240,339,339,350,350,363,363,55,83,83,117,186,186],"path_per_floor":["M","?","$","M","T","R","T","E","T","R","M","M","M","M","R","B",null,"M","?","M","?","$","E","R","E","T","M"],"path_taken":["M","?","$","M","?","R","?","E","T","R","M","M","M","M","R","BOSS","M","?","?","?","?","E","R","E","T","?"],"items_purchased":["Ball Lightning","Capacitor","Lantern"],"item_purchase_floors":[3,22,22],"items_purged":["Strike_B"],"items_purged_floors":[22],"character_chosen":"DEFECT","card_choices":[{"picked":"Conserve Battery","not_picked":["Hologram","Turbo"],"floor":1},{"picked":"Ball Lightning","not_picked":["Coolheaded","Sweeping Beam"],"floor":4},{"picked":"Auto Shields","not_picked":["Hologram","All For One"],"floor":8},{"picked":"SKIP","not_picked":["Chill","Hologram","Conserve Battery"],"floor":11},{"picked":"SKIP","not_picked":["Genetic Algorithm","Conserve Battery","Go for the Eyes"],"floor":12},{"picked":"SKIP","not_picked":["Blizzard","Fusion","Gash"],"floor":13},{"picked":"Ball Lightning","not_picked":["Aggregate","Darkness"],"floor":14},{"picked":"Electrodynamics","not_picked":["Thunder Strike","Amplify"],"floor":16},{"picked":"Melter+1","not_picked":["Tempest","Conserve Battery"],"floor":18},{"picked":"SKIP","not_picked":["Rip and Tear","Hologram","Steam"],"floor":20},{"picked":"Seek","not_picked":["Sweeping Beam","Hyperbeam"],"floor":23},{"picked":"SKIP","not_picked":["Steam+1","Amplify","Leap+1"],"floor":25}],"event_choices":[{"event_name":"Living Wall","player_choice":"Change","floor":2,"cards_obtained":["Force Field"],"cards_removed":null,"cards_transformed":["Strike_B"],"cards_upgraded":null,"relics_obtained":null,"potions_obtained":null,"relics_lost":null,"damage_taken":0,"damage_healed":0,"max_hp_loss":0,"max_hp_gain":0,"gold_gain":0,"gold_loss":0},{"event_name":"Upgrade Shrine","player_choice":"Upgraded","floor":19,"cards_obtained":null,"cards_removed":null,"cards_transformed":null,"cards_upgraded":["Zap"],"relics_obtained":null,"potions_obtained":null,"relics_lost":null,"damage_taken":0,"damage_healed":0,"max_hp_loss":0,"max_hp_gain":0,"gold_gain":0,"gold_loss":0},{"event_name":"Lab","player_choice":"Got Potions","floor":21,"cards_obtained":null,"cards_removed":null,"cards_transformed":null,"cards_upgraded":null,"relics_obtained":null,"potions_obtained":null,"relics_lost":null,"damage_taken":0,"damage_healed":0,"max_hp_loss":0,"max_hp_gain":0,"gold_gain":0,"gold_loss":0}],"boss_relics":[{"picked":"Philosopher's Stone","not_picked":["Sozu","Coffee Dripper"]}],"damage_taken":[{"floor":1,"enemies":"2 Louse","damage":0,"turns":1},{"floor":4,"enemies":"Jaw Worm","damage":12,"turns":2},{"floor":8,"enemies":"Gremlin Nob","damage":36,"turns":5},{"floor":11,"enemies":"Cultist","damage":0,"turns":2},{"floor":12,"enemies":"3 Louse","damage":0,"turns":1},{"floor":13,"enemies":"Exordium Wildlife","damage":0,"turns":1},{"floor":14,"enemies":"Exordium Thugs","damage":14,"turns":4},{"floor":16,"enemies":"Slime Boss","damage":34,"turns":9},{"floor":18,"enemies":"Shell Parasite","damage":26,"turns":5},{"floor":20,"enemies":"Spheric Guardian","damage":0,"turns":2},{"floor":23,"enemies":"Gremlin Leader","damage":34,"turns":6},{"floor":25,"enemies":"Slavers","damage":47,"turns":5},{"floor":27,"enemies":"Snecko","damage":5,"turns":2}],"potions_obtained":[{"key":"FocusPotion","floor":8},{"key":"Block Potion","floor":12},{"key":"Strength Potion","floor":16},{"key":"Regen Potion","floor":20},{"key":"Dexterity Potion","floor":23}],"relics_obtained":[{"key":"MealTicket","floor":5},{"key":"Toy Ornithopter","floor":7},{"key":"Oddly Smooth Stone","floor":8},{"key":"Regal Pillow","floor":9},{"key":"War Paint","floor":23},{"key":"Bottled Lightning","floor":25},{"key":"Molten Egg 2","floor":26}],"campfire_choices":[{"floor":6,"key":"SMITH","data":"Hyperbeam"},{"floor":10,"key":"SMITH","data":"Dualcast"},{"floor":15,"key":"REST"},{"floor":24,"key":"SMITH","data":"Capacitor"}],"circlet_count":0,"win_rate":0,"killed_by":"Snecko"}