{"play_id":"9c951668-4400-40de-92eb-903f4a6282db","build_version":"2020-01-27","seed_played":"7714897400435792131","chose_seed":false,"seed_source_timestamp":1017380242184,"is_daily":false,"special_seed":null,"is_trial":false,"is_endless":false,"is_ascension_mode":true,"ascension_level":10,"neow_bonus":"RANDOM_COMMON_RELIC","neow_cost":"NONE","is_beta":false,"is_prod":false,"victory":false,"floor_reached":11,"score":110,"timestamp":1703283944,"local_time":"12/22/2023 22:25:44","playtime":545,"player_experience":431784,"master_deck":["AscendersBane","Strike_B","Strike_B","Strike_B","Strike_B","Defend_B","Defend_B","Defend_B","Zap","Dualcast","Beam Cell","FTL","Darkness","Fusion","Redo"],"relics":["Cracked Core","MealTicket","Golden Idol","Shuriken","Smiling Mask","HornCleat"],"gold":108,"campfire_rested":0,"campfire_upgraded":0,"purchased_purges":1,"potions_floor_spawned":[3],"potions_floor_usage":[10],"current_hp_per_floor":[61,75,66,66,48,18,11,36,36,23,0],"max_hp_per_floor":[75,75,75,75,75,75,75,75,75,75,75],"gold_per_floor":[111,36,46,61,61,92,92,92,92,108,108],"path_per_floor":["M","$","M","M","?","E","?","?","T","M","E"],"path_taken":["M","$","M","M","?","E","?","?","T","?","E"],"items_purchased":[],"item_purchase_floors":[],"items_purged":["Defend_B"],"items_purged_floors":[2],"character_chosen":"DEFECT","card_choices":[{"picked":"Beam Cell","not_picked":["Stack","Coolheaded"],"floor":1},{"picked":"FTL","not_picked":["Chill","Coolheaded"],"floor":3},{"picked":"Darkness","not_picked":["Go for the Eyes","Leap"],"floor":4},{"picked":"Fusion","not_picked":["Rebound","Steam Power"],"floor":6},{"picked":"Redo","not_picked":["Rip and Tear","Reinforced Body"],"floor":10}],"event_choices":[{"event_name":"Golden Idol","player_choice":"Take Damage","floor":5,"cards_obtained":null,"cards_removed":null,"cards_transformed":null,"cards_upgraded":null,"relics_obtained":["Golden Idol"],"potions_obtained":null,"relics_lost":null,"damage_taken":18,"damage_healed":0,"max_hp_loss":0,"max_hp_gain":0,"gold_gain":0,"gold_loss":0},{"event_name":"Scrap Ooze","player_choice":"Success","floor":7,"cards_obtained":null,"cards_removed":null,"cards_transformed":null,"cards_upgraded":null,"relics_obtained":["Smiling Mask"],"potions_obtained":null,"relics_lost":null,"damage_taken":7,"damage_healed":0,"max_hp_loss":0,"max_hp_gain":0,"gold_gain":0,"gold_loss":0},{"event_name":"Big Fish","player_choice":"Banana","floor":8,"cards_obtained":null,"cards_removed":null,"cards_transformed":null,"cards_upgraded":null,"relics_obtained":null,"potions_obtained":null,"relics_lost":null,"damage_taken":0,"damage_healed":25,"max_hp_loss":0,"max_hp_gain":0,"gold_gain":0,"gold_loss":0}],"boss_relics":[],"damage_taken":[{"floor":1,"enemies":"Jaw Worm","damage":7,"turns":3},{"floor":3,"enemies":"2 Louse","damage":9,"turns":2},{"floor":4,"enemies":"Small Slimes","damage":0,"turns":2},{"floor":6,"enemies":"Lagavulin","damage":30,"turns":5},{"floor":10,"enemies":"Exordium Thugs","damage":13,"turns":5},{"floor":11,"enemies":"3 Sentries","damage":26,"turns":6}],"potions_obtained":[{"key":"SpeedPotion","floor":3}],"relics_obtained":[{"key":"Shuriken","floor":6},{"key":"HornCleat","floor":9}],"campfire_choices":[],"circlet_count":0,"win_rate":0,"killed_by":"3 Sentries"}