{"play_id":"f57f1e66-c59d-451b-a209-2260421c2cf8","build_version":"2020-01-27","seed_played":"-3736848368888559464","chose_seed":false,"seed_source_timestamp":907668950660,"is_daily":false,"special_seed":null,"is_trial":false,"is_endless":false,"is_ascension_mode":true,"ascension_level":10,"neow_bonus":"ONE_RARE_RELIC","neow_cost":"NO_GOLD","is_beta":false,"is_prod":false,"victory":false,"floor_reached":14,"score":138,"timestamp":1703255700,"local_time":"12/22/2023 14:35:00","playtime":422,"player_experience":430709,"master_deck":["AscendersBane","Strike_B+1","Defend_B","Defend_B","Defend_B","Defend_B","Zap","Dualcast","Defragment","Lockon+1","White Noise","Doom and Gloom","Lockon","Stack"],"relics":["Cracked Core","Thread and Needle","Dream Catcher","Whetstone"],"gold":10,"campfire_rested":0,"campfire_upgraded":0,"purchased_purges":1,"potions_floor_spawned":[1,4,6,13],"potions_floor_usage":[8,8,14],"current_hp_per_floor":[59,59,56,56,49,17,17,8,8,8,5,5,3,0],"max_hp_per_floor":[75,75,75,75,75,75,75,75,75,75,75,75,75,75],"gold_per_floor":[20,20,34,48,48,82,7,26,26,26,38,38,55,10],"path_per_floor":["M","$","M","M","?","E","$","M","T","?","M","?","M","M"],"path_taken":["M","$","M","M","?","E","$","M","T","?","M","?","M","M"],"items_purchased":[],"item_purchase_floors":[],"items_purged":["Strike_B"],"items_purged_floors":[7],"character_chosen":"DEFECT","card_choices":[{"picked":"Defragment","not_picked":["Chill","Beam Cell"],"floor":1},{"picked":"Lockon","not_picked":["Cold Snap","Stack"],"floor":3},{"picked":"White Noise","not_picked":["BootSequence","Aggregate"],"floor":4},{"picked":"Doom and Gloom","not_picked":["BootSequence","Aggregate"],"floor":6},{"picked":"SKIP","not_picked":["Force Field","Blizzard","Streamline"],"floor":8},{"picked":"Lockon","not_picked":["Recycle","Hologram"],"floor":11},{"picked":"Stack","not_picked":["Storm","All For One"],"floor":13}],"event_choices":[{"event_name":"Golden Wing","player_choice":"Card Removal","floor":5,"cards_obtained":null,"cards_removed":["Strike_B"],"cards_transformed":null,"cards_upgraded":null,"relics_obtained":null,"potions_obtained":null,"relics_lost":null,"damage_taken":7,"damage_healed":0,"max_hp_loss":0,"max_hp_gain":0,"gold_gain":0,"gold_loss":0},{"event_name":"Shining Light","player_choice":"Ignored","floor":10,"cards_obtained":null,"cards_removed":null,"cards_transformed":null,"cards_upgraded":null,"relics_obtained":null,"potions_obtained":null,"relics_lost":null,"damage_taken":0,"damage_healed":0,"max_hp_loss":0,"max_hp_gain":0,"gold_gain":0,"gold_loss":0},{"event_name":"Living Wall","player_choice":"Forget","floor":12,"cards_obtained":null,"cards_removed":["Strike_B"],"cards_transformed":null,"cards_upgraded":null,"relics_obtained":null,"potions_obtained":null,"relics_lost":null,"damage_taken":0,"damage_healed":0,"max_hp_loss":0,"max_hp_gain":0,"gold_gain":0,"gold_loss":0}],"boss_relics":[],"damage_taken":[{"floor":1,"enemies":"Small Slimes","damage":9,"turns":3},{"floor":3,"enemies":"Jaw Worm","damage":3,"turns":3},{"floor":4,"enemies":"2 Louse","damage":0,"turns":2},{"floor":6,"enemies":"3 Sentries","damage":32,"turns":7},{"floor":8,"enemies":"Blue Slaver","damage":9,"turns":3},{"floor":11,"enemies":"2 Fungi Beasts","damage":3,"turns":3},{"floor":13,"enemies":"Exordium Thugs","damage":2,"turns":3},{"floor":14,"enemies":"Looter","damage":3,"turns":3}],"potions_obtained":[{"key":"Ancient Potion","floor":1},{"key":"SpeedPotion","floor":4},{"key":"FocusPotion","floor":6},{"key":"Dexterity Potion","floor":13}],"relics_obtained":[{"key":"Dream Catcher","floor":6},{"key":"Whetstone","floor":9}],"campfire_choices":[],"circlet_count":0,"win_rate":0,"killed_by":"Looter"}