{"play_id":"74f20e0f-b599-48b3-b641-4bd7bc469c13","build_version":"2020-01-27","seed_played":"-2295153702115181600","chose_seed":false,"seed_source_timestamp":981367469208,"is_daily":false,"special_seed":null,"is_trial":false,"is_endless":false,"is_ascension_mode":true,"ascension_level":10,"neow_bonus":"THREE_ENEMY_KILL","neow_cost":"NONE","is_beta":false,"is_prod":false,"victory":false,"floor_reached":16,"score":159,"timestamp":1703278053,"local_time":"12/22/2023 20:47:33","playtime":525,"player_experience":431259,"master_deck":["AscendersBane","Strike_B","Strike_B","Defend_B","Defend_B+1","Defend_B","Defend_B","Zap+1","Dualcast+1","Cold Snap","Sunder+1","Ball Lightning","Doom and Gloom","Beam Cell+1","Impatience"],"relics":["Cracked Core","NeowsBlessing","Kunai","Juzu Bracelet","Anchor"],"gold":116,"campfire_rested":1,"campfire_upgraded":3,"purchased_purges":0,"potions_floor_spawned":[11],"potions_floor_usage":[],"current_hp_per_floor":[68,61,61,61,61,46,46,46,46,46,22,44,30,30,30,0],"max_hp_per_floor":[75,75,75,75,75,75,75,75,75,75,75,75,75,75,75,75],"gold_per_floor":[112,112,34,45,62,62,62,62,62,62,87,87,116,116,116,116],"path_per_floor":["M","?","$","M","M","?","R","?","T","R","E","R","E","?","R","B"],"path_taken":["M","?","$","M","M","?","R","?","T","R","E","R","E","?","R","BOSS"],"items_purchased":["Sunder"],"item_purchase_floors":[3],"items_purged":[],"items_purged_floors":[],"character_chosen":"DEFECT","card_choices":[{"picked":"Cold Snap","not_picked":["Turbo","Rebound"],"floor":1},{"picked":"Ball Lightning","not_picked":["Chill","Hologram"],"floor":4},{"picked":"SKIP","not_picked":["Go for the Eyes","Compile Driver","Scrape"],"floor":5},{"picked":"Doom and Gloom","not_picked":["Barrage","Go for the Eyes"],"floor":11},{"picked":"Beam Cell","not_picked":["Coolheaded","Hologram"],"floor":13}],"event_choices":[{"event_name":"Golden Wing","player_choice":"Card Removal","floor":2,"cards_obtained":null,"cards_removed":["Strike_B"],"cards_transformed":null,"cards_upgraded":null,"relics_obtained":null,"potions_obtained":null,"relics_lost":null,"damage_taken":7,"damage_healed":0,"max_hp_loss":0,"max_hp_gain":0,"gold_gain":0,"gold_loss":0},{"event_name":"Shining Light","player_choice":"Entered Light","floor":6,"cards_obtained":null,"cards_removed":null,"cards_transformed":null,"cards_upgraded":["Defend_B","Zap"],"relics_obtained":null,"potions_obtained":null,"relics_lost":null,"damage_taken":15,"damage_healed":0,"max_hp_loss":0,"max_hp_gain":0,"gold_gain":0,"gold_loss":0},{"event_name":"Bonfire Elementals","player_choice":"Offered Basic","floor":8,"cards_obtained":null,"cards_removed":["Strike_B"],"cards_transformed":null,"cards_upgraded":null,"relics_obtained":null,"potions_obtained":null,"relics_lost":null,"damage_taken":0,"damage_healed":0,"max_hp_loss":0,"max_hp_gain":0,"gold_gain":0,"gold_loss":0},{"event_name":"Match and Keep!","player_choice":"1 cards matched","floor":14,"cards_obtained":["Impatience"],"cards_removed":null,"cards_transformed":null,"cards_upgraded":null,"relics_obtained":null,"potions_obtained":null,"relics_lost":null,"damage_taken":0,"damage_healed":0,"max_hp_loss":0,"max_hp_gain":0,"gold_gain":0,"gold_loss":0}],"boss_relics":[],"damage_taken":[{"floor":1,"enemies":"2 Louse","damage":0,"turns":1},{"floor":4,"enemies":"Small Slimes","damage":0,"turns":1},{"floor":5,"enemies":"Cultist","damage":0,"turns":1},{"floor":11,"enemies":"Lagavulin","damage":24,"turns":5},{"floor":13,"enemies":"Gremlin Nob","damage":14,"turns":3},{"floor":16,"enemies":"The Guardian","damage":31,"turns":7}],"potions_obtained":[{"key":"FearPotion","floor":11}],"relics_obtained":[{"key":"Kunai","floor":9},{"key":"Juzu Bracelet","floor":11},{"key":"Anchor","floor":13}],"campfire_choices":[{"floor":7,"key":"SMITH","data":"Sunder"},{"floor":10,"key":"SMITH","data":"Dualcast"},{"floor":12,"key":"REST"},{"floor":15,"key":"SMITH","data":"Beam Cell"}],"circlet_count":0,"win_rate":0,"killed_by":"The Guardian"}