{"play_id":"e5f191cc-ce99-45bd-973c-53d03e1e50a8","build_version":"2020-01-27","seed_played":"-6033052795925646179","chose_seed":false,"seed_source_timestamp":184948278010,"is_daily":false,"special_seed":null,"is_trial":false,"is_endless":false,"is_ascension_mode":true,"ascension_level":10,"neow_bonus":"THREE_ENEMY_KILL","neow_cost":"NONE","is_beta":false,"is_prod":false,"victory":false,"floor_reached":16,"score":215,"timestamp":1703460229,"local_time":"12/24/2023 23:23:49","playtime":741,"player_experience":442718,"master_deck":["AscendersBane","Strike_B+1","Strike_B","Defend_B","Defend_B+1","Defend_B","Zap+1","Dualcast","Melter","Conserve Battery","Hyperbeam+1","Streamline","Static Discharge+1","Self Repair","Auto Shields"],"relics":["Cracked Core","NeowsBlessing","Omamori","Dream Catcher","Mango","Vajra"],"gold":60,"campfire_rested":0,"campfire_upgraded":3,"purchased_purges":2,"potions_floor_spawned":[1,8,10,13],"potions_floor_usage":[10,16,16],"current_hp_per_floor":[68,68,68,68,53,53,53,53,53,51,51,51,28,24,24,0],"max_hp_per_floor":[75,75,75,75,75,75,75,75,75,89,89,89,89,89,89,89],"gold_per_floor":[117,127,77,2,2,36,36,53,77,112,112,12,45,60,60,60],"path_per_floor":["M","M","?","$","?","E","R","M","T","E","R","$","E","M","R","B"],"path_taken":["M","M","?","$","?","E","R","?","T","E","R","$","E","M","R","BOSS"],"items_purchased":[],"item_purchase_floors":[],"items_purged":["Defend_B","Strike_B"],"items_purged_floors":[4,12],"character_chosen":"DEFECT","card_choices":[{"picked":"Melter","not_picked":["Fusion","Sweeping Beam"],"floor":1},{"picked":"Conserve Battery","not_picked":["Leap","Go for the Eyes"],"floor":2},{"picked":"Hyperbeam","not_picked":["Reprogram","Aggregate"],"floor":6},{"picked":"Streamline","not_picked":["Chill","Melter"],"floor":8},{"picked":"Static Discharge","not_picked":["Auto Shields","Redo"],"floor":10},{"picked":"Self Repair","not_picked":["Go for the Eyes","Chill"],"floor":13},{"picked":"Auto Shields","not_picked":["Rebound","Redo"],"floor":14}],"event_choices":[{"event_name":"The Cleric","player_choice":"Card Removal","floor":3,"cards_obtained":null,"cards_removed":["Strike_B"],"cards_transformed":null,"cards_upgraded":null,"relics_obtained":null,"potions_obtained":null,"relics_lost":null,"damage_taken":0,"damage_healed":0,"max_hp_loss":0,"max_hp_gain":0,"gold_gain":0,"gold_loss":50},{"event_name":"Shining Light","player_choice":"Entered Light","floor":5,"cards_obtained":null,"cards_removed":null,"cards_transformed":null,"cards_upgraded":["Strike_B","Defend_B"],"relics_obtained":null,"potions_obtained":null,"relics_lost":null,"damage_taken":15,"damage_healed":0,"max_hp_loss":0,"max_hp_gain":0,"gold_gain":0,"gold_loss":0}],"boss_relics":[],"damage_taken":[{"floor":1,"enemies":"Small Slimes","damage":0,"turns":1},{"floor":2,"enemies":"2 Louse","damage":0,"turns":1},{"floor":6,"enemies":"3 Sentries","damage":0,"turns":1},{"floor":8,"enemies":"Jaw Worm","damage":0,"turns":1},{"floor":10,"enemies":"Lagavulin","damage":16,"turns":7},{"floor":13,"enemies":"3 Sentries","damage":23,"turns":3},{"floor":14,"enemies":"Red Slaver","damage":11,"turns":3},{"floor":16,"enemies":"Hexaghost","damage":27,"turns":9}],"potions_obtained":[{"key":"SmokeBomb","floor":1},{"key":"Weak Potion","floor":8},{"key":"SteroidPotion","floor":10},{"key":"SteroidPotion","floor":13}],"relics_obtained":[{"key":"Omamori","floor":6},{"key":"Dream Catcher","floor":9},{"key":"Mango","floor":10},{"key":"Vajra","floor":13}],"campfire_choices":[{"floor":7,"key":"SMITH","data":"Hyperbeam"},{"floor":11,"key":"SMITH","data":"Static Discharge"},{"floor":15,"key":"SMITH","data":"Zap"}],"circlet_count":0,"win_rate":0,"killed_by":"Hexaghost"}