{"play_id":"e1342b53-97e9-4132-9ca5-3aac209fca14","build_version":"2020-01-27","seed_played":"-3426007115097751605","chose_seed":false,"seed_source_timestamp":1316647983113,"is_daily":false,"special_seed":null,"is_trial":false,"is_endless":false,"is_ascension_mode":true,"ascension_level":10,"neow_bonus":"TRANSFORM_CARD","neow_cost":"NONE","is_beta":false,"is_prod":false,"victory":false,"floor_reached":10,"score":99,"timestamp":1703386932,"local_time":"12/24/2023 03:02:12","playtime":304,"player_experience":438866,"master_deck":["AscendersBane","Strike_B","Strike_B","Defend_B","Defend_B","Defend_B","Defend_B","Zap","Dualcast","Chaos","Consume","Gash","Defragment"],"relics":["Cracked Core","Girya","Nunchaku","The Courier"],"gold":35,"campfire_rested":0,"campfire_upgraded":0,"purchased_purges":1,"potions_floor_spawned":[1],"potions_floor_usage":[4,8],"current_hp_per_floor":[68,65,54,40,40,40,10,9,9,0],"max_hp_per_floor":[75,75,75,75,75,75,75,75,75,75],"gold_per_floor":[118,118,193,210,4,4,36,50,50,35],"path_per_floor":["M","?","?","M","$","R","E","M","T","M"],"path_taken":["M","?","?","M","$","R","E","M","T","M"],"items_purchased":["Defragment","PowerPotion"],"item_purchase_floors":[5,5],"items_purged":["Strike_B"],"items_purged_floors":[5],"character_chosen":"DEFECT","card_choices":[{"picked":"Consume","not_picked":["Loop","Coolheaded"],"floor":1},{"picked":"Gash","not_picked":["Coolheaded","Aggregate"],"floor":4},{"picked":"SKIP","not_picked":["Streamline","Hello World","Sunder"],"floor":7},{"picked":"SKIP","not_picked":["Barrage","Leap","Hologram"],"floor":8}],"event_choices":[{"event_name":"Scrap Ooze","player_choice":"Success","floor":2,"cards_obtained":null,"cards_removed":null,"cards_transformed":null,"cards_upgraded":null,"relics_obtained":["Girya"],"potions_obtained":null,"relics_lost":null,"damage_taken":3,"damage_healed":0,"max_hp_loss":0,"max_hp_gain":0,"gold_gain":0,"gold_loss":0},{"event_name":"World of Goop","player_choice":"Gather Gold","floor":3,"cards_obtained":null,"cards_removed":null,"cards_transformed":null,"cards_upgraded":null,"relics_obtained":null,"potions_obtained":null,"relics_lost":null,"damage_taken":11,"damage_healed":0,"max_hp_loss":0,"max_hp_gain":0,"gold_gain":75,"gold_loss":0}],"boss_relics":[],"damage_taken":[{"floor":1,"enemies":"2 Louse","damage":0,"turns":2},{"floor":4,"enemies":"Small Slimes","damage":14,"turns":2},{"floor":7,"enemies":"Lagavulin","damage":30,"turns":7},{"floor":8,"enemies":"Cultist","damage":1,"turns":3},{"floor":10,"enemies":"Looter","damage":11,"turns":1}],"potions_obtained":[{"key":"Fire Potion","floor":1}],"relics_obtained":[{"key":"Nunchaku","floor":7},{"key":"The Courier","floor":9}],"campfire_choices":[{"floor":6,"key":"LIFT","data":"1"}],"circlet_count":0,"win_rate":0,"killed_by":"Looter"}