{"play_id":"39adbabc-e843-4975-8248-6dc4102f3ccc","build_version":"2020-01-27","seed_played":"8750513777630881620","chose_seed":false,"seed_source_timestamp":1319977310880,"is_daily":false,"special_seed":null,"is_trial":false,"is_endless":false,"is_ascension_mode":true,"ascension_level":10,"neow_bonus":"THREE_ENEMY_KILL","neow_cost":"NONE","is_beta":false,"is_prod":false,"victory":false,"floor_reached":16,"score":180,"timestamp":1703387635,"local_time":"12/24/2023 03:13:55","playtime":673,"player_experience":439170,"master_deck":["AscendersBane","Strike_B","Strike_B","Strike_B","Defend_B","Defend_B","Defend_B","Defend_B","Zap","Dualcast","Gash","Go for the Eyes","Ball Lightning+1","FTL","Darkness+1","Gash","Tempest","Beam Cell+1"],"relics":["Cracked Core","NeowsBlessing","Membership Card","Bottled Flame","Matryoshka","Omamori","Smiling Mask"],"gold":125,"campfire_rested":0,"campfire_upgraded":3,"purchased_purges":1,"potions_floor_spawned":[1,4,8],"potions_floor_usage":[6,10,13],"current_hp_per_floor":[68,68,68,68,68,43,43,35,35,27,27,27,27,20,20,0],"max_hp_per_floor":[75,75,75,75,75,75,75,75,75,75,75,75,75,75,75,75],"gold_per_floor":[116,216,228,246,16,45,45,55,55,83,83,83,99,125,125,125],"path_per_floor":["M","?","M","M","$","E","R","M","T","E","?","R","M","E","R","B"],"path_taken":["M","?","?","M","?","E","R","?","T","E","?","R","M","E","R","BOSS"],"items_purchased":["Membership Card","FTL"],"item_purchase_floors":[5,5],"items_purged":["Strike_B"],"items_purged_floors":[5],"character_chosen":"DEFECT","card_choices":[{"picked":"Gash","not_picked":["Double Energy","Conserve Battery"],"floor":1},{"picked":"Go for the Eyes","not_picked":["Self Repair","Heatsinks"],"floor":3},{"picked":"Ball Lightning","not_picked":["Gash","Stack"],"floor":4},{"picked":"Darkness","not_picked":["Coolheaded","BootSequence"],"floor":6},{"picked":"Gash","not_picked":["Hologram","Rainbow"],"floor":8},{"picked":"Tempest","not_picked":["Melter","Sweeping Beam"],"floor":10},{"picked":"SKIP","not_picked":["Skim","Compile Driver","Streamline"],"floor":13},{"picked":"Beam Cell","not_picked":["Conserve Battery","Consume"],"floor":14}],"event_choices":[{"event_name":"Wheel of Change","player_choice":"Gold","floor":2,"cards_obtained":null,"cards_removed":null,"cards_transformed":null,"cards_upgraded":null,"relics_obtained":null,"potions_obtained":null,"relics_lost":null,"damage_taken":0,"damage_healed":0,"max_hp_loss":0,"max_hp_gain":0,"gold_gain":100,"gold_loss":0},{"event_name":"Dead Adventurer","player_choice":"Searched '0' times","floor":11,"cards_obtained":null,"cards_removed":null,"cards_transformed":null,"cards_upgraded":null,"relics_obtained":null,"potions_obtained":null,"relics_lost":null,"damage_taken":0,"damage_healed":0,"max_hp_loss":0,"max_hp_gain":0,"gold_gain":0,"gold_loss":0}],"boss_relics":[],"damage_taken":[{"floor":1,"enemies":"Jaw Worm","damage":0,"turns":1},{"floor":3,"enemies":"Cultist","damage":0,"turns":1},{"floor":4,"enemies":"2 Louse","damage":0,"turns":1},{"floor":6,"enemies":"Lagavulin","damage":25,"turns":7},{"floor":8,"enemies":"Large Slime","damage":8,"turns":4},{"floor":10,"enemies":"3 Sentries","damage":8,"turns":5},{"floor":13,"enemies":"Exordium Thugs","damage":0,"turns":4},{"floor":14,"enemies":"Gremlin Nob","damage":7,"turns":3},{"floor":16,"enemies":"Slime Boss","damage":31,"turns":7}],"potions_obtained":[{"key":"GamblersBrew","floor":1},{"key":"SpeedPotion","floor":4},{"key":"EssenceOfSteel","floor":8}],"relics_obtained":[{"key":"Bottled Flame","floor":6},{"key":"Matryoshka","floor":9},{"key":"Omamori","floor":10},{"key":"Smiling Mask","floor":14}],"campfire_choices":[{"floor":7,"key":"SMITH","data":"Ball Lightning"},{"floor":12,"key":"SMITH","data":"Darkness"},{"floor":15,"key":"SMITH","data":"Beam Cell"}],"circlet_count":0,"win_rate":0,"killed_by":"Slime Boss"}