{"play_id":"a514a35c-48ba-45b5-a876-4c901c68c668","build_version":"2020-01-27","seed_played":"5083730011288793231","chose_seed":false,"seed_source_timestamp":251954759242,"is_daily":false,"special_seed":null,"is_trial":false,"is_endless":false,"is_ascension_mode":true,"ascension_level":10,"neow_bonus":"BOSS_RELIC","neow_cost":"NONE","is_beta":false,"is_prod":false,"victory":false,"floor_reached":12,"score":129,"timestamp":1703482948,"local_time":"12/25/2023 05:42:28","playtime":454,"player_experience":445719,"master_deck":["AscendersBane","Strike_B","Strike_B","Defend_B","Defend_B","Defend_B","Defend_B","Zap+1","Dualcast","Streamline","Ball Lightning","Fusion","Capacitor","Creative AI"],"relics":["Runic Pyramid","Turnip","Pocketwatch","InkBottle"],"gold":85,"campfire_rested":0,"campfire_upgraded":1,"purchased_purges":1,"potions_floor_spawned":[1,11],"potions_floor_usage":[7],"current_hp_per_floor":[68,68,75,74,74,74,39,39,39,35,3,0],"max_hp_per_floor":[75,75,75,75,75,75,75,75,75,75,75,75],"gold_per_floor":[111,36,36,56,6,6,36,36,36,54,85,85],"path_per_floor":["M","$","?","M","?","R","E","$","T","M","E","?"],"path_taken":["M","$","?","?","?","R","E","?","T","?","E","?"],"items_purchased":[],"item_purchase_floors":[],"items_purged":["Strike_B"],"items_purged_floors":[2],"character_chosen":"DEFECT","card_choices":[{"picked":"Streamline","not_picked":["Redo","Compile Driver"],"floor":1},{"picked":"Ball Lightning","not_picked":["Blizzard","Hologram"],"floor":4},{"picked":"Fusion","not_picked":["Rebound","Stack"],"floor":7},{"picked":"Capacitor","not_picked":["Conserve Battery","Steam"],"floor":10},{"picked":"Creative AI","not_picked":["Hologram","Conserve Battery"],"floor":11}],"event_choices":[{"event_name":"Wheel of Change","player_choice":"Full Heal","floor":3,"cards_obtained":null,"cards_removed":null,"cards_transformed":null,"cards_upgraded":null,"relics_obtained":null,"potions_obtained":null,"relics_lost":null,"damage_taken":0,"damage_healed":7,"max_hp_loss":0,"max_hp_gain":0,"gold_gain":0,"gold_loss":0},{"event_name":"The Cleric","player_choice":"Card Removal","floor":5,"cards_obtained":null,"cards_removed":["Strike_B"],"cards_transformed":null,"cards_upgraded":null,"relics_obtained":null,"potions_obtained":null,"relics_lost":null,"damage_taken":0,"damage_healed":0,"max_hp_loss":0,"max_hp_gain":0,"gold_gain":0,"gold_loss":50}],"boss_relics":[],"damage_taken":[{"floor":1,"enemies":"Small Slimes","damage":0,"turns":3},{"floor":4,"enemies":"Cultist","damage":1,"turns":3},{"floor":7,"enemies":"3 Sentries","damage":35,"turns":6},{"floor":10,"enemies":"2 Louse","damage":4,"turns":2},{"floor":11,"enemies":"Gremlin Nob","damage":32,"turns":4}],"potions_obtained":[{"key":"SpeedPotion","floor":1},{"key":"Energy Potion","floor":11}],"relics_obtained":[{"key":"Turnip","floor":7},{"key":"Pocketwatch","floor":9},{"key":"InkBottle","floor":11}],"campfire_choices":[{"floor":6,"key":"SMITH","data":"Zap"}],"circlet_count":0,"win_rate":0,"killed_by":null}