{"play_id":"846e3199-4183-4847-85c9-7867bf215e63","build_version":"2020-01-27","seed_played":"-8211477504563404846","chose_seed":false,"seed_source_timestamp":235235100155,"is_daily":false,"special_seed":null,"is_trial":false,"is_endless":false,"is_ascension_mode":true,"ascension_level":10,"neow_bonus":"RANDOM_COMMON_RELIC","neow_cost":"NONE","is_beta":false,"is_prod":false,"victory":false,"floor_reached":10,"score":99,"timestamp":1703476428,"local_time":"12/25/2023 03:53:48","playtime":314,"player_experience":444785,"master_deck":["AscendersBane","Strike_B","Strike_B","Strike_B","Strike_B","Defend_B","Defend_B","Defend_B","Defend_B","Zap","Dualcast","Static Discharge+1","Capacitor","Ball Lightning","Conserve Battery"],"relics":["Cracked Core","Blood Vial","Lantern","Darkstone Periapt","Happy Flower"],"gold":213,"campfire_rested":0,"campfire_upgraded":1,"purchased_purges":0,"potions_floor_spawned":[8],"potions_floor_usage":[10],"current_hp_per_floor":[69,69,71,59,48,48,20,15,15,0],"max_hp_per_floor":[75,75,75,75,75,75,75,75,75,75],"gold_per_floor":[113,44,61,61,136,136,170,190,213,213],"path_per_floor":["M","$","M","?","?","R","E","M","T","E"],"path_taken":["M","$","?","?","?","R","E","M","T","E"],"items_purchased":["Capacitor"],"item_purchase_floors":[2],"items_purged":[],"items_purged_floors":[],"character_chosen":"DEFECT","card_choices":[{"picked":"Static Discharge","not_picked":["Streamline","Reinforced Body"],"floor":1},{"picked":"Ball Lightning","not_picked":["Conserve Battery","Double Energy"],"floor":3},{"picked":"SKIP","not_picked":["Scrape","Gash","Leap"],"floor":7},{"picked":"Conserve Battery","not_picked":["Rebound","Coolheaded"],"floor":8}],"event_choices":[{"event_name":"Scrap Ooze","player_choice":"Success","floor":4,"cards_obtained":null,"cards_removed":null,"cards_transformed":null,"cards_upgraded":null,"relics_obtained":["Lantern"],"potions_obtained":null,"relics_lost":null,"damage_taken":12,"damage_healed":0,"max_hp_loss":0,"max_hp_gain":0,"gold_gain":0,"gold_loss":0},{"event_name":"World of Goop","player_choice":"Gather Gold","floor":5,"cards_obtained":null,"cards_removed":null,"cards_transformed":null,"cards_upgraded":null,"relics_obtained":null,"potions_obtained":null,"relics_lost":null,"damage_taken":11,"damage_healed":0,"max_hp_loss":0,"max_hp_gain":0,"gold_gain":75,"gold_loss":0}],"boss_relics":[],"damage_taken":[{"floor":1,"enemies":"Cultist","damage":1,"turns":3},{"floor":3,"enemies":"Small Slimes","damage":0,"turns":3},{"floor":7,"enemies":"Lagavulin","damage":30,"turns":6},{"floor":8,"enemies":"Jaw Worm","damage":7,"turns":2},{"floor":10,"enemies":"Gremlin Nob","damage":25,"turns":4}],"potions_obtained":[{"key":"Ancient Potion","floor":8}],"relics_obtained":[{"key":"Darkstone Periapt","floor":7},{"key":"Happy Flower","floor":9}],"campfire_choices":[{"floor":6,"key":"SMITH","data":"Static Discharge"}],"circlet_count":0,"win_rate":0,"killed_by":"Gremlin Nob"}