{"play_id":"9bbd5f3f-bec0-4315-9031-9b36e54c0d76","build_version":"2020-01-27","seed_played":"2272688444153456166","chose_seed":false,"seed_source_timestamp":415956521373,"is_daily":false,"special_seed":null,"is_trial":false,"is_endless":false,"is_ascension_mode":true,"ascension_level":10,"neow_bonus":"THREE_ENEMY_KILL","neow_cost":"NONE","is_beta":false,"is_prod":false,"victory":true,"floor_reached":51,"score":1256,"timestamp":1703539515,"local_time":"12/25/2023 21:25:15","playtime":3673,"player_experience":447031,"master_deck":["AscendersBane","Zap+1","Dualcast+1","Cold Snap","Gash","Doom and Gloom","Defragment+1","Conserve Battery+1","Genetic Algorithm+1","Creative AI+1","Fission+1","Coolheaded+1","Fusion+1","Steam Power+1","White Noise+1","Seek+1","Chill+1","All For One+1","Redo+1","Fission+1","Blizzard+1","Reboot+1","Reboot+1","Gash+1","Writhe","Transmutation+1","Ball Lightning+1","Gash+1","Buffer+1","Capacitor+1","Undo+1","Defragment+1","Genetic Algorithm+1"],"relics":["FrozenCore","NeowsBlessing","Ornamental Fan","Strawberry","Toxic Egg 2","Shuriken","Toy Ornithopter","Frozen Egg 2","Mango","Unceasing Top","Gambling Chip","Astrolabe","Pantograph","Centennial Puzzle","Lizard Tail","Shovel","PreservedInsect","Happy Flower","Sling","Bag of Preparation"],"gold":21,"campfire_rested":2,"campfire_upgraded":4,"purchased_purges":2,"potions_floor_spawned":[6,12,14,22,27,31,40,45],"potions_floor_usage":[12,16,16,27,33,42,50,50],"current_hp_per_floor":[68,61,61,61,54,61,61,61,61,61,61,33,26,10,10,9,64,53,53,53,34,31,31,15,41,55,44,44,44,44,9,39,42,86,61,86,86,86,86,77,77,76,76,101,101,101,101,101,101,53],"max_hp_per_floor":[75,75,75,75,75,82,82,82,82,82,82,82,82,82,82,82,82,82,82,82,82,82,82,87,87,101,101,101,101,101,101,101,101,101,101,101,101,101,101,101,101,101,101,101,101,101,101,101,101,101],"gold_per_floor":[115,115,390,406,406,433,433,447,447,41,41,70,83,103,103,208,208,221,51,51,65,84,84,84,84,84,114,114,114,131,166,166,263,263,279,279,279,279,295,326,326,356,356,406,435,448,21,21,21,21],"path_per_floor":["M","?","?","M","?","E","R","M","T","$","T","E","M","M","R","B",null,"M","$","?","M","M","R","?","R","T","E","?","?","M","E","R","B",null,"M","?","?","?","M","E","R","E","T","?","E","M","$","?","R","B",null],"path_taken":["M","?","?","?","?","E","R","M","T","$","?","E","M","M","R","BOSS","M","$","?","M","M","R","?","R","T","E","?","?","M","E","R","BOSS","M","?","?","?","?","E","R","E","T","?","E","M","$","?","R","BOSS"],"items_purchased":["Defragment","Shuriken","Defragment+1","Happy Flower","Defragment+1","Sling","PowerPotion"],"item_purchase_floors":[10,10,19,47,47,47,47],"items_purged":["Defend_B","Strike_B"],"items_purged_floors":[10,19],"character_chosen":"DEFECT","card_choices":[{"picked":"Cold Snap","not_picked":["Compile Driver","Chill"],"floor":1},{"picked":"Gash","not_picked":["Streamline","Scrape"],"floor":4},{"picked":"Doom and Gloom","not_picked":["Hello World","Glacier"],"floor":6},{"picked":"SKIP","not_picked":["Double Energy","Scrape","Conserve Battery"],"floor":8},{"picked":"Conserve Battery+1","not_picked":["Ball Lightning","Turbo+1"],"floor":12},{"picked":"Genetic Algorithm+1","not_picked":["Beam Cell","Go for the Eyes"],"floor":13},{"picked":"Creative AI+1","not_picked":["Leap+1","Compile Driver"],"floor":14},{"picked":"Fission+1","not_picked":["Echo Form+1","Core Surge"],"floor":16},{"picked":"Coolheaded+1","not_picked":["Steam Power+1","Conserve Battery+1"],"floor":18},{"picked":"Fusion+1","not_picked":["Compile Driver+1","BootSequence+1"],"floor":21},{"picked":"Steam Power+1","not_picked":["Streamline","Stack+1"],"floor":22},{"picked":"White Noise+1","not_picked":["Steam+1","Melter"],"floor":27},{"picked":"All For One","not_picked":["Steam Power+1","Melter"],"floor":30},{"picked":"Redo+1","not_picked":["Compile Driver","Leap+1"],"floor":31},{"picked":"Fission+1","not_picked":["Machine Learning+1","Seek+1"],"floor":33},{"picked":"Gash+1","not_picked":["Beam Cell+1","Aggregate+1"],"floor":35},{"picked":"Transmutation+1","not_picked":["Blind+1","Dark Shackles+1"],"floor":38},{"picked":"Ball Lightning+1","not_picked":["Sunder+1","Steam+1"],"floor":39},{"picked":"Gash+1","not_picked":["Stack+1","Turbo+1"],"floor":40},{"picked":"Buffer+1","not_picked":["BootSequence+1","Rebound"],"floor":42},{"picked":"Capacitor+1","not_picked":["Rebound","Loop+1"],"floor":45},{"picked":"Undo+1","not_picked":["Turbo+1","Streamline"],"floor":46}],"event_choices":[{"event_name":"Scrap Ooze","player_choice":"Success","floor":2,"cards_obtained":null,"cards_removed":null,"cards_transformed":null,"cards_upgraded":null,"relics_obtained":["Ornamental Fan"],"potions_obtained":null,"relics_lost":null,"damage_taken":7,"damage_healed":0,"max_hp_loss":0,"max_hp_gain":0,"gold_gain":0,"gold_loss":0},{"event_name":"Golden Shrine","player_choice":"Desecrate","floor":3,"cards_obtained":["Regret"],"cards_removed":null,"cards_transformed":null,"cards_upgraded":null,"relics_obtained":null,"potions_obtained":null,"relics_lost":null,"damage_taken":0,"damage_healed":0,"max_hp_loss":0,"max_hp_gain":0,"gold_gain":275,"gold_loss":0},{"event_name":"Golden Wing","player_choice":"Card Removal","floor":5,"cards_obtained":null,"cards_removed":["Regret"],"cards_transformed":null,"cards_upgraded":null,"relics_obtained":null,"potions_obtained":null,"relics_lost":null,"damage_taken":7,"damage_healed":0,"max_hp_loss":0,"max_hp_gain":0,"gold_gain":0,"gold_loss":0},{"event_name":"Back to Basics","player_choice":"Elegance","floor":20,"cards_obtained":null,"cards_removed":["Strike_B"],"cards_transformed":null,"cards_upgraded":null,"relics_obtained":null,"potions_obtained":null,"relics_lost":null,"damage_taken":0,"damage_healed":0,"max_hp_loss":0,"max_hp_gain":0,"gold_gain":0,"gold_loss":0},{"event_name":"Forgotten Altar","player_choice":"Shed Blood","floor":24,"cards_obtained":null,"cards_removed":null,"cards_transformed":null,"cards_upgraded":null,"relics_obtained":null,"potions_obtained":null,"relics_lost":null,"damage_taken":21,"damage_healed":0,"max_hp_loss":0,"max_hp_gain":5,"gold_gain":0,"gold_loss":0},{"event_name":"Cursed Tome","player_choice":"Ignored","floor":28,"cards_obtained":null,"cards_removed":null,"cards_transformed":null,"cards_upgraded":null,"relics_obtained":null,"potions_obtained":null,"relics_lost":null,"damage_taken":0,"damage_healed":0,"max_hp_loss":0,"max_hp_gain":0,"gold_gain":0,"gold_loss":0},{"event_name":"Drug Dealer","player_choice":"Became Test Subject","floor":29,"cards_obtained":["Seek","Chill"],"cards_removed":null,"cards_transformed":["Defend_B","Strike_B"],"cards_upgraded":null,"relics_obtained":null,"potions_obtained":null,"relics_lost":null,"damage_taken":0,"damage_healed":0,"max_hp_loss":0,"max_hp_gain":0,"gold_gain":0,"gold_loss":0},{"event_name":"Winding Halls","player_choice":"Writhe","floor":36,"cards_obtained":["Writhe"],"cards_removed":null,"cards_transformed":null,"cards_upgraded":null,"relics_obtained":null,"potions_obtained":null,"relics_lost":null,"damage_taken":0,"damage_healed":25,"max_hp_loss":0,"max_hp_gain":0,"gold_gain":0,"gold_loss":0},{"event_name":"Falling","player_choice":"Removed Power","floor":37,"cards_obtained":null,"cards_removed":["Defragment"],"cards_transformed":null,"cards_upgraded":null,"relics_obtained":null,"potions_obtained":null,"relics_lost":null,"damage_taken":0,"damage_healed":0,"max_hp_loss":0,"max_hp_gain":0,"gold_gain":0,"gold_loss":0},{"event_name":"SensoryStone","player_choice":"Memory 1","floor":38,"cards_obtained":null,"cards_removed":null,"cards_transformed":null,"cards_upgraded":null,"relics_obtained":null,"potions_obtained":null,"relics_lost":null,"damage_taken":0,"damage_healed":0,"max_hp_loss":0,"max_hp_gain":0,"gold_gain":0,"gold_loss":0},{"event_name":"MindBloom","player_choice":"Fight","floor":44,"cards_obtained":null,"cards_removed":null,"cards_transformed":null,"cards_upgraded":null,"relics_obtained":null,"potions_obtained":null,"relics_lost":null,"damage_taken":0,"damage_healed":0,"max_hp_loss":0,"max_hp_gain":0,"gold_gain":0,"gold_loss":0},{"event_name":"Duplicator","player_choice":"Copied","floor":48,"cards_obtained":["Genetic Algorithm"],"cards_removed":null,"cards_transformed":null,"cards_upgraded":null,"relics_obtained":null,"potions_obtained":null,"relics_lost":null,"damage_taken":0,"damage_healed":0,"max_hp_loss":0,"max_hp_gain":0,"gold_gain":0,"gold_loss":0}],"boss_relics":[{"picked":"FrozenCore","not_picked":["Runic Dome","Velvet Choker"]},{"picked":"Astrolabe","not_picked":["Nuclear Battery","SlaversCollar"]}],"damage_taken":[{"floor":1,"enemies":"2 Louse","damage":0,"turns":1},{"floor":4,"enemies":"Small Slimes","damage":0,"turns":1},{"floor":6,"enemies":"Gremlin Nob","damage":0,"turns":1},{"floor":8,"enemies":"Cultist","damage":0,"turns":3},{"floor":12,"enemies":"3 Sentries","damage":33,"turns":4},{"floor":13,"enemies":"Large Slime","damage":7,"turns":4},{"floor":14,"enemies":"Exordium Wildlife","damage":16,"turns":6},{"floor":16,"enemies":"The Guardian","damage":11,"turns":11},{"floor":18,"enemies":"Chosen","damage":11,"turns":8},{"floor":21,"enemies":"Spheric Guardian","damage":19,"turns":6},{"floor":22,"enemies":"Snecko","damage":3,"turns":6},{"floor":27,"enemies":"Book of Stabbing","damage":16,"turns":6},{"floor":30,"enemies":"Sentry and Sphere","damage":0,"turns":7},{"floor":31,"enemies":"Gremlin Leader","damage":35,"turns":6},{"floor":33,"enemies":"Automaton","damage":2,"turns":9},{"floor":35,"enemies":"3 Shapes","damage":25,"turns":4},{"floor":39,"enemies":"3 Darklings","damage":0,"turns":2},{"floor":40,"enemies":"Reptomancer","damage":9,"turns":6},{"floor":42,"enemies":"Nemesis","damage":6,"turns":5},{"floor":44,"enemies":"Mind Bloom Boss Battle","damage":0,"turns":2},{"floor":45,"enemies":"Reptomancer","damage":0,"turns":4},{"floor":46,"enemies":"Jaw Worm Horde","damage":0,"turns":3},{"floor":50,"enemies":"Awakened One","damage":53,"turns":9}],"potions_obtained":[{"key":"SkillPotion","floor":6},{"key":"Weak Potion","floor":12},{"key":"Block Potion","floor":14},{"key":"FocusPotion","floor":22},{"key":"SteroidPotion","floor":27},{"key":"PotionOfCapacity","floor":31},{"key":"DistilledChaos","floor":40},{"key":"Block Potion","floor":45}],"relics_obtained":[{"key":"Strawberry","floor":6},{"key":"Toxic Egg 2","floor":9},{"key":"Toy Ornithopter","floor":11},{"key":"Frozen Egg 2","floor":12},{"key":"Mango","floor":26},{"key":"Unceasing Top","floor":27},{"key":"Gambling Chip","floor":31},{"key":"Pantograph","floor":40},{"key":"Centennial Puzzle","floor":42},{"key":"Lizard Tail","floor":43},{"key":"Shovel","floor":44},{"key":"PreservedInsect","floor":45},{"key":"Bag of Preparation","floor":49}],"campfire_choices":[{"floor":7,"key":"SMITH","data":"Zap"},{"floor":15,"key":"SMITH","data":"Dualcast"},{"floor":23,"key":"SMITH","data":"Defragment"},{"floor":25,"key":"REST"},{"floor":32,"key":"REST"},{"floor":41,"key":"SMITH","data":"All For One"},{"floor":49,"key":"DIG"}],"circlet_count":0,"win_rate":0,"killed_by":null}