{"play_id":"cca14a84-4d81-40d1-a0ed-6defbce2c1cb","build_version":"2020-01-27","seed_played":"4261748334622608852","chose_seed":false,"seed_source_timestamp":238723357343,"is_daily":false,"special_seed":null,"is_trial":false,"is_endless":false,"is_ascension_mode":true,"ascension_level":10,"neow_bonus":"THREE_ENEMY_KILL","neow_cost":"NONE","is_beta":false,"is_prod":false,"victory":false,"floor_reached":21,"score":350,"timestamp":1703481202,"local_time":"12/25/2023 05:13:22","playtime":620,"player_experience":445099,"master_deck":["AscendersBane","Strike_B","Strike_B+1","Strike_B","Defend_B","Defend_B","Defend_B","Defend_B+1","Zap+1","Dualcast","Capacitor+1","Doom and Gloom","Regret","Darkness+1","Conserve Battery","Fission","Consume+1","Writhe"],"relics":["Cracked Core","NeowsBlessing","Gremlin Horn","Ancient Tea Set","Blue Candle","Vajra","Blood Vial","Nuclear Battery","Bag of Preparation"],"gold":481,"campfire_rested":0,"campfire_upgraded":3,"purchased_purges":1,"potions_floor_spawned":[6,11],"potions_floor_usage":[13,18],"current_hp_per_floor":[68,68,53,53,53,53,53,53,53,53,40,65,65,65,65,28,63,48,48,48,0],"max_hp_per_floor":[75,75,75,75,75,75,75,75,75,75,75,75,75,75,75,75,75,75,75,75,75],"gold_per_floor":[119,6,6,6,281,316,316,342,342,342,355,355,368,368,368,470,470,481,481,481,481],"path_per_floor":["M","$","?","T","?","E","R","E","T","R","M","?","M","T","R","B",null,"M","?","?","M"],"path_taken":["M","$","?","?","?","E","R","E","T","R","?","?","M","?","R","BOSS","M","?","?","M"],"items_purchased":["Doom and Gloom"],"item_purchase_floors":[2],"items_purged":["Strike_B"],"items_purged_floors":[2],"character_chosen":"DEFECT","card_choices":[{"picked":"Capacitor","not_picked":["Leap","Hologram"],"floor":1},{"picked":"SKIP","not_picked":["Hologram","Steam","Reprogram"],"floor":6},{"picked":"Darkness","not_picked":["Skim","Turbo"],"floor":8},{"picked":"Conserve Battery","not_picked":["Turbo","Hologram"],"floor":11},{"picked":"SKIP","not_picked":["Beam Cell","Turbo","Skim"],"floor":13},{"picked":"Fission","not_picked":["All For One","Rainbow"],"floor":16},{"picked":"Consume+1","not_picked":["Barrage","Sweeping Beam+1"],"floor":18}],"event_choices":[{"event_name":"Shining Light","player_choice":"Entered Light","floor":3,"cards_obtained":null,"cards_removed":null,"cards_transformed":null,"cards_upgraded":["Defend_B","Strike_B"],"relics_obtained":null,"potions_obtained":null,"relics_lost":null,"damage_taken":15,"damage_healed":0,"max_hp_loss":0,"max_hp_gain":0,"gold_gain":0,"gold_loss":0},{"event_name":"Golden Shrine","player_choice":"Desecrate","floor":5,"cards_obtained":["Regret"],"cards_removed":null,"cards_transformed":null,"cards_upgraded":null,"relics_obtained":null,"potions_obtained":null,"relics_lost":null,"damage_taken":0,"damage_healed":0,"max_hp_loss":0,"max_hp_gain":0,"gold_gain":275,"gold_loss":0},{"event_name":"Big Fish","player_choice":"Banana","floor":12,"cards_obtained":null,"cards_removed":null,"cards_transformed":null,"cards_upgraded":null,"relics_obtained":null,"potions_obtained":null,"relics_lost":null,"damage_taken":0,"damage_healed":25,"max_hp_loss":0,"max_hp_gain":0,"gold_gain":0,"gold_loss":0},{"event_name":"The Mausoleum","player_choice":"Opened","floor":19,"cards_obtained":["Writhe"],"cards_removed":null,"cards_transformed":null,"cards_upgraded":null,"relics_obtained":["Bag of Preparation"],"potions_obtained":null,"relics_lost":null,"damage_taken":0,"damage_healed":0,"max_hp_loss":0,"max_hp_gain":0,"gold_gain":0,"gold_loss":0},{"event_name":"Vampires","player_choice":"Ignored","floor":20,"cards_obtained":null,"cards_removed":null,"cards_transformed":null,"cards_upgraded":null,"relics_obtained":null,"potions_obtained":null,"relics_lost":null,"damage_taken":0,"damage_healed":0,"max_hp_loss":0,"max_hp_gain":0,"gold_gain":0,"gold_loss":0}],"boss_relics":[{"picked":"Nuclear Battery","not_picked":["Pandora's Box","Runic Dome"]}],"damage_taken":[{"floor":1,"enemies":"2 Louse","damage":0,"turns":1},{"floor":6,"enemies":"Gremlin Nob","damage":0,"turns":1},{"floor":8,"enemies":"3 Sentries","damage":0,"turns":1},{"floor":11,"enemies":"Jaw Worm","damage":13,"turns":4},{"floor":13,"enemies":"Small Slimes","damage":0,"turns":2},{"floor":16,"enemies":"Slime Boss","damage":39,"turns":7},{"floor":18,"enemies":"Shell Parasite","damage":17,"turns":3},{"floor":21,"enemies":"3 Byrds","damage":51,"turns":3}],"potions_obtained":[{"key":"BlessingOfTheForge","floor":6},{"key":"Energy Potion","floor":11}],"relics_obtained":[{"key":"Gremlin Horn","floor":4},{"key":"Ancient Tea Set","floor":6},{"key":"Blue Candle","floor":8},{"key":"Vajra","floor":9},{"key":"Blood Vial","floor":14}],"campfire_choices":[{"floor":7,"key":"SMITH","data":"Zap"},{"floor":10,"key":"SMITH","data":"Darkness"},{"floor":15,"key":"SMITH","data":"Capacitor"}],"circlet_count":0,"win_rate":0,"killed_by":"3 Byrds"}