{"play_id":"e6bcbc28-e381-422d-8450-d3d951daa50d","build_version":"2020-01-27","seed_played":"3063641627564152159","chose_seed":false,"seed_source_timestamp":195913043186,"is_daily":false,"special_seed":null,"is_trial":false,"is_endless":false,"is_ascension_mode":true,"ascension_level":10,"neow_bonus":"REMOVE_TWO","neow_cost":"PERCENT_DAMAGE","is_beta":false,"is_prod":false,"victory":false,"floor_reached":24,"score":306,"timestamp":1703466951,"local_time":"12/25/2023 01:15:51","playtime":1326,"player_experience":443459,"master_deck":["AscendersBane","Zap+1","Dualcast","Gash+1","Conserve Battery","Glacier","Lockon+1","Thunder Strike","Hologram","Rainbow+1","Creative AI+1","Redo+1","Leap+1","Chaos","Loop"],"relics":["Cracked Core","Art of War","Centennial Puzzle","Mummified Hand","Pandora's Box"],"gold":198,"campfire_rested":1,"campfire_upgraded":3,"purchased_purges":1,"potions_floor_spawned":[1,4,12,18,20],"potions_floor_usage":[7,16,18,22],"current_hp_per_floor":[50,50,39,38,29,29,25,10,10,32,32,20,20,20,20,13,60,43,43,33,33,28,28,0],"max_hp_per_floor":[75,75,75,75,75,75,75,75,75,75,75,75,75,75,75,75,75,75,75,75,75,75,75,75],"gold_per_floor":[112,61,81,92,111,61,96,96,96,96,21,49,49,49,49,152,152,169,169,187,187,198,198,198],"path_per_floor":["M","$","M","M","M","?","E","?","T","R","$","E","R","$","R","B",null,"M","?","M","?","M","R","E"],"path_taken":["M","$","M","M","M","?","E","?","T","R","$","E","R","$","R","BOSS","M","?","?","?","M","R","E"],"items_purchased":["Gash"],"item_purchase_floors":[2],"items_purged":["Defend_B"],"items_purged_floors":[11],"character_chosen":"DEFECT","card_choices":[{"picked":"SKIP","not_picked":["Reprogram","Steam","Hologram"],"floor":1},{"picked":"Conserve Battery","not_picked":["Coolheaded","Chill"],"floor":3},{"picked":"Cold Snap","not_picked":["Coolheaded","Turbo"],"floor":4},{"picked":"Glacier","not_picked":["Hologram","Stack"],"floor":5},{"picked":"Lockon","not_picked":["Compile Driver","Hello World"],"floor":7},{"picked":"SKIP","not_picked":["Hologram","Sunder","Redo"],"floor":12},{"picked":"Thunder Strike","not_picked":["Hyperbeam","Buffer"],"floor":16},{"picked":"Redo+1","not_picked":["Conserve Battery+1","Genetic Algorithm"],"floor":18},{"picked":"Leap+1","not_picked":["Auto Shields","Beam Cell"],"floor":20},{"picked":"SKIP","not_picked":["Streamline+1","Steam","Beam Cell"],"floor":22}],"event_choices":[{"event_name":"The Cleric","player_choice":"Card Removal","floor":6,"cards_obtained":null,"cards_removed":["Defend_B"],"cards_transformed":null,"cards_upgraded":null,"relics_obtained":null,"potions_obtained":null,"relics_lost":null,"damage_taken":0,"damage_healed":0,"max_hp_loss":0,"max_hp_gain":0,"gold_gain":0,"gold_loss":50},{"event_name":"Shining Light","player_choice":"Entered Light","floor":8,"cards_obtained":null,"cards_removed":null,"cards_transformed":null,"cards_upgraded":["Lockon","Strike_B"],"relics_obtained":null,"potions_obtained":null,"relics_lost":null,"damage_taken":15,"damage_healed":0,"max_hp_loss":0,"max_hp_gain":0,"gold_gain":0,"gold_loss":0},{"event_name":"Upgrade Shrine","player_choice":"Upgraded","floor":19,"cards_obtained":null,"cards_removed":null,"cards_transformed":null,"cards_upgraded":["Creative AI"],"relics_obtained":null,"potions_obtained":null,"relics_lost":null,"damage_taken":0,"damage_healed":0,"max_hp_loss":0,"max_hp_gain":0,"gold_gain":0,"gold_loss":0},{"event_name":"Drug Dealer","player_choice":"Became Test Subject","floor":21,"cards_obtained":["Chaos","Loop"],"cards_removed":null,"cards_transformed":["Redo","Cold Snap"],"cards_upgraded":null,"relics_obtained":null,"potions_obtained":null,"relics_lost":null,"damage_taken":0,"damage_healed":0,"max_hp_loss":0,"max_hp_gain":0,"gold_gain":0,"gold_loss":0}],"boss_relics":[{"picked":"Pandora's Box","not_picked":["Runic Pyramid","Philosopher's Stone"]}],"damage_taken":[{"floor":1,"enemies":"2 Louse","damage":0,"turns":2},{"floor":3,"enemies":"Jaw Worm","damage":11,"turns":4},{"floor":4,"enemies":"Cultist","damage":1,"turns":4},{"floor":5,"enemies":"Looter","damage":9,"turns":4},{"floor":7,"enemies":"Lagavulin","damage":4,"turns":10},{"floor":12,"enemies":"Gremlin Nob","damage":12,"turns":4},{"floor":16,"enemies":"The Guardian","damage":7,"turns":12},{"floor":18,"enemies":"3 Byrds","damage":17,"turns":3},{"floor":20,"enemies":"Shell Parasite","damage":10,"turns":4},{"floor":22,"enemies":"Centurion and Healer","damage":5,"turns":8},{"floor":24,"enemies":"Slavers","damage":31,"turns":3}],"potions_obtained":[{"key":"PotionOfCapacity","floor":1},{"key":"DistilledChaos","floor":4},{"key":"Explosive Potion","floor":12},{"key":"Dexterity Potion","floor":18},{"key":"GamblersBrew","floor":20}],"relics_obtained":[{"key":"Art of War","floor":7},{"key":"Centennial Puzzle","floor":9},{"key":"Mummified Hand","floor":12}],"campfire_choices":[{"floor":10,"key":"REST"},{"floor":13,"key":"SMITH","data":"Gash"},{"floor":15,"key":"SMITH","data":"Zap"},{"floor":23,"key":"SMITH","data":"Rainbow"}],"circlet_count":0,"win_rate":0,"killed_by":"Slavers"}