{"play_id":"048fd4a1-90f4-4825-8054-1ce723bbb0e3","build_version":"2020-01-27","seed_played":"1669528542663969187","chose_seed":false,"seed_source_timestamp":0,"is_daily":false,"special_seed":0,"is_trial":false,"is_endless":false,"is_ascension_mode":true,"ascension_level":10,"neow_bonus":"THREE_RARE_CARDS","neow_cost":"CURSE","is_beta":false,"is_prod":false,"victory":false,"floor_reached":28,"score":354,"timestamp":1703369728,"local_time":"12/23/2023 22:15:28","playtime":1023,"player_experience":434744,"master_deck":["AscendersBane","Strike_B","Strike_B","Strike_B","Defend_B","Defend_B","Defend_B","Defend_B","Zap+1","Dualcast","Meteor Strike","Ball Lightning","Static Discharge+1","Fusion+1","Thunder Strike","Aggregate+1","Static Discharge","Doom and Gloom"],"relics":["Cracked Core","Pantograph","Sundial","Bag of Preparation","WingedGreaves","Golden Idol","Strawberry","Blood Vial","Inserter","Happy Flower","Red Mask","Lantern","Art of War"],"gold":99,"campfire_rested":4,"campfire_upgraded":3,"purchased_purges":2,"potions_floor_spawned":[3,7,25],"potions_floor_usage":[],"current_hp_per_floor":[68,68,68,56,45,45,1,23,23,23,22,22,29,29,29,3,58,21,21,21,6,6,28,50,8,8,30,0],"max_hp_per_floor":[75,75,75,75,75,75,75,75,75,75,75,69,76,76,76,76,76,76,76,76,76,76,76,76,76,76,76,76],"gold_per_floor":[113,38,58,58,133,133,167,167,167,167,199,199,50,50,50,171,171,186,285,4,43,43,43,43,74,99,99,99],"path_per_floor":["M","$","M","?","?","R","E","R","T","R","E","?","$","?","R","B",null,"M","?","$","?","?","R","R","E","T","R","M"],"path_taken":["M","$","M","?","?","R","E","R","T","R","E","?","$","?","R","BOSS","M","?","$","?","?","R","R","E","T","R","M"],"items_purchased":["Strawberry","Static Discharge","Happy Flower"],"item_purchase_floors":[13,20,20],"items_purged":["Shame","Strike_B"],"items_purged_floors":[2,20],"character_chosen":"DEFECT","card_choices":[{"picked":"Meteor Strike","not_picked":["Biased Cognition","Fission"],"floor":0},{"picked":"Ball Lightning","not_picked":["Darkness","Melter"],"floor":1},{"picked":"Static Discharge","not_picked":["Coolheaded","Barrage"],"floor":3},{"picked":"SKIP","not_picked":["Compile Driver","Blizzard","Hologram"],"floor":7},{"picked":"Fusion","not_picked":["Turbo","Buffer"],"floor":11},{"picked":"Thunder Strike","not_picked":["Echo Form","Creative AI"],"floor":16},{"picked":"Aggregate+1","not_picked":["Redo","Conserve Battery"],"floor":18},{"picked":"Doom and Gloom","not_picked":["Genetic Algorithm","Go for the Eyes"],"floor":25}],"event_choices":[{"event_name":"Scrap Ooze","player_choice":"Success","floor":4,"cards_obtained":null,"cards_removed":null,"cards_transformed":null,"cards_upgraded":null,"relics_obtained":["Pantograph"],"potions_obtained":null,"relics_lost":null,"damage_taken":12,"damage_healed":0,"max_hp_loss":0,"max_hp_gain":0,"gold_gain":0,"gold_loss":0},{"event_name":"World of Goop","player_choice":"Gather Gold","floor":5,"cards_obtained":null,"cards_removed":null,"cards_transformed":null,"cards_upgraded":null,"relics_obtained":null,"potions_obtained":null,"relics_lost":null,"damage_taken":11,"damage_healed":0,"max_hp_loss":0,"max_hp_gain":0,"gold_gain":75,"gold_loss":0},{"event_name":"Golden Idol","player_choice":"Lose Max HP","floor":12,"cards_obtained":null,"cards_removed":null,"cards_transformed":null,"cards_upgraded":null,"relics_obtained":["Golden Idol"],"potions_obtained":null,"relics_lost":null,"damage_taken":0,"damage_healed":0,"max_hp_loss":6,"max_hp_gain":0,"gold_gain":0,"gold_loss":0},{"event_name":"Dead Adventurer","player_choice":"Searched '1' times","floor":14,"cards_obtained":null,"cards_removed":null,"cards_transformed":null,"cards_upgraded":null,"relics_obtained":["Blood Vial"],"potions_obtained":null,"relics_lost":null,"damage_taken":0,"damage_healed":0,"max_hp_loss":0,"max_hp_gain":0,"gold_gain":0,"gold_loss":0},{"event_name":"Nest","player_choice":"Stole From Cult","floor":19,"cards_obtained":null,"cards_removed":null,"cards_transformed":null,"cards_upgraded":null,"relics_obtained":null,"potions_obtained":null,"relics_lost":null,"damage_taken":0,"damage_healed":0,"max_hp_loss":0,"max_hp_gain":0,"gold_gain":99,"gold_loss":0},{"event_name":"Masked Bandits","player_choice":"Fought Bandits","floor":21,"cards_obtained":null,"cards_removed":null,"cards_transformed":null,"cards_upgraded":null,"relics_obtained":null,"potions_obtained":null,"relics_lost":null,"damage_taken":0,"damage_healed":0,"max_hp_loss":0,"max_hp_gain":0,"gold_gain":0,"gold_loss":0},{"event_name":"Cursed Tome","player_choice":"Ignored","floor":22,"cards_obtained":null,"cards_removed":null,"cards_transformed":null,"cards_upgraded":null,"relics_obtained":null,"potions_obtained":null,"relics_lost":null,"damage_taken":0,"damage_healed":0,"max_hp_loss":0,"max_hp_gain":0,"gold_gain":0,"gold_loss":0}],"boss_relics":[{"picked":"Inserter","not_picked":["Runic Dome","Tiny House"]}],"damage_taken":[{"floor":1,"enemies":"Small Slimes","damage":0,"turns":3},{"floor":3,"enemies":"2 Louse","damage":0,"turns":2},{"floor":7,"enemies":"Lagavulin","damage":44,"turns":7},{"floor":11,"enemies":"Gremlin Nob","damage":40,"turns":3},{"floor":16,"enemies":"Slime Boss","damage":53,"turns":8},{"floor":18,"enemies":"2 Thieves","damage":39,"turns":3},{"floor":21,"enemies":"Masked Bandits","damage":17,"turns":2},{"floor":25,"enemies":"Book of Stabbing","damage":44,"turns":4},{"floor":28,"enemies":"Spheric Guardian","damage":33,"turns":3}],"potions_obtained":[{"key":"FairyPotion","floor":3},{"key":"SkillPotion","floor":7},{"key":"Strength Potion","floor":25}],"relics_obtained":[{"key":"Sundial","floor":7},{"key":"Bag of Preparation","floor":9},{"key":"WingedGreaves","floor":11},{"key":"Red Mask","floor":21},{"key":"Lantern","floor":25},{"key":"Art of War","floor":26}],"campfire_choices":[{"floor":6,"key":"SMITH","data":"Zap"},{"floor":8,"key":"REST"},{"floor":10,"key":"SMITH","data":"Static Discharge"},{"floor":15,"key":"SMITH","data":"Fusion"},{"floor":23,"key":"REST"},{"floor":24,"key":"REST"},{"floor":27,"key":"REST"}],"circlet_count":0,"win_rate":0,"killed_by":"Spheric Guardian"}