{"play_id":"908c5f98-1dc9-44b3-b542-e2d39d40151f","build_version":"2020-01-27","seed_played":"8966894069790005781","chose_seed":false,"seed_source_timestamp":52570148657,"is_daily":false,"special_seed":null,"is_trial":false,"is_endless":false,"is_ascension_mode":true,"ascension_level":10,"neow_bonus":"THREE_ENEMY_KILL","neow_cost":"NONE","is_beta":false,"is_prod":false,"victory":false,"floor_reached":19,"score":321,"timestamp":1703092837,"local_time":"12/20/2023 17:20:37","playtime":632,"player_experience":427910,"master_deck":["AscendersBane","Strike_B","Strike_B","Defend_B","Defend_B","Defend_B","Zap+1","Dualcast","Streamline","Ball Lightning","Darkness+1","Ball Lightning","Capacitor","Creative AI","Defragment"],"relics":["Cracked Core","NeowsBlessing","StoneCalendar","Pantograph","PreservedInsect","Bag of Preparation","Runic Pyramid"],"gold":228,"campfire_rested":0,"campfire_upgraded":2,"purchased_purges":2,"potions_floor_spawned":[1,2,10,14],"potions_floor_usage":[6,10,11,18],"current_hp_per_floor":[68,68,68,68,68,58,58,46,46,45,44,44,44,14,14,13,60,29,0],"max_hp_per_floor":[75,75,75,75,75,75,75,75,75,75,75,75,75,75,75,75,75,75,75],"gold_per_floor":[109,129,129,54,73,108,108,127,196,214,244,71,96,113,113,218,218,228,228],"path_per_floor":["M","M","?","$","M","E","R","M","T","M","E","$","E","M","R","B",null,"M","M"],"path_taken":["M","M","?","?","M","E","R","M","T","M","E","$","E","M","R","BOSS","M","?"],"items_purchased":["Capacitor"],"item_purchase_floors":[12],"items_purged":["Defend_B","Strike_B"],"items_purged_floors":[4,12],"character_chosen":"DEFECT","card_choices":[{"picked":"Streamline","not_picked":["Consume","Beam Cell"],"floor":1},{"picked":"SKIP","not_picked":["Barrage","Compile Driver","Coolheaded"],"floor":2},{"picked":"SKIP","not_picked":["Coolheaded","Chill","Rebound"],"floor":5},{"picked":"Ball Lightning","not_picked":["Beam Cell","Meteor Strike"],"floor":6},{"picked":"Darkness","not_picked":["Steam","Redo"],"floor":8},{"picked":"SKIP","not_picked":["Streamline","Rebound","Sweeping Beam"],"floor":10},{"picked":"Ball Lightning","not_picked":["Sweeping Beam","Meteor Strike"],"floor":11},{"picked":"SKIP","not_picked":["Rip and Tear","Turbo","Leap"],"floor":13},{"picked":"SKIP","not_picked":["Redo","Skim","Coolheaded"],"floor":14},{"picked":"Creative AI","not_picked":["Hyperbeam","Meteor Strike"],"floor":16},{"picked":"Defragment","not_picked":["Redo+1","Genetic Algorithm"],"floor":18}],"event_choices":[{"event_name":"Purifier","player_choice":"Purged","floor":3,"cards_obtained":null,"cards_removed":["Strike_B"],"cards_transformed":null,"cards_upgraded":null,"relics_obtained":null,"potions_obtained":null,"relics_lost":null,"damage_taken":0,"damage_healed":0,"max_hp_loss":0,"max_hp_gain":0,"gold_gain":0,"gold_loss":0}],"boss_relics":[{"picked":"Runic Pyramid","not_picked":["Coffee Dripper","Empty Cage"]}],"damage_taken":[{"floor":1,"enemies":"Jaw Worm","damage":0,"turns":1},{"floor":2,"enemies":"Cultist","damage":0,"turns":1},{"floor":5,"enemies":"Small Slimes","damage":0,"turns":1},{"floor":6,"enemies":"Gremlin Nob","damage":10,"turns":3},{"floor":8,"enemies":"Looter","damage":12,"turns":3},{"floor":10,"enemies":"3 Louse","damage":1,"turns":2},{"floor":11,"enemies":"Lagavulin","damage":15,"turns":5},{"floor":13,"enemies":"Gremlin Nob","damage":0,"turns":2},{"floor":14,"enemies":"Gremlin Gang","damage":30,"turns":5},{"floor":16,"enemies":"The Guardian","damage":26,"turns":7},{"floor":18,"enemies":"3 Byrds","damage":31,"turns":4},{"floor":19,"enemies":"Shell Parasite","damage":30,"turns":3}],"potions_obtained":[{"key":"Swift Potion","floor":1},{"key":"FocusPotion","floor":2},{"key":"Regen Potion","floor":10},{"key":"AttackPotion","floor":14}],"relics_obtained":[{"key":"StoneCalendar","floor":6},{"key":"Pantograph","floor":9},{"key":"PreservedInsect","floor":11},{"key":"Bag of Preparation","floor":13}],"campfire_choices":[{"floor":7,"key":"SMITH","data":"Zap"},{"floor":15,"key":"SMITH","data":"Darkness"}],"circlet_count":0,"win_rate":0,"killed_by":"Shell Parasite"}