{"play_id":"e2346f0a-8ab8-4e83-89dd-97b59def0779","build_version":"2020-01-27","seed_played":"-3476091848269258844","chose_seed":false,"seed_source_timestamp":479023846760,"is_daily":false,"special_seed":null,"is_trial":false,"is_endless":false,"is_ascension_mode":true,"ascension_level":10,"neow_bonus":"ONE_RANDOM_RARE_CARD","neow_cost":"NONE","is_beta":false,"is_prod":false,"victory":false,"floor_reached":8,"score":81,"timestamp":1703026202,"local_time":"12/19/2023 22:50:02","playtime":222,"player_experience":427337,"master_deck":["AscendersBane","Strike_B","Strike_B","Strike_B","Defend_B","Defend_B","Defend_B","Defend_B","Zap","Dualcast","Hyperbeam","Gash","Ball Lightning","Genetic Algorithm","Scrape"],"relics":["Cracked Core","Girya","Toy Ornithopter","Shuriken"],"gold":112,"campfire_rested":0,"campfire_upgraded":0,"purchased_purges":1,"potions_floor_spawned":[1,6],"potions_floor_usage":[6,8],"current_hp_per_floor":[68,57,57,50,50,21,14,0],"max_hp_per_floor":[75,75,75,75,75,75,75,75],"gold_per_floor":[117,192,70,85,85,112,112,112],"path_per_floor":["M","?","$","M","T","E","?","E"],"path_taken":["M","?","$","M","?","E","?","E"],"items_purchased":["Ball Lightning"],"item_purchase_floors":[3],"items_purged":["Strike_B"],"items_purged_floors":[3],"character_chosen":"DEFECT","card_choices":[{"picked":"Gash","not_picked":["Hello World","Hologram"],"floor":1},{"picked":"Genetic Algorithm","not_picked":["Cold Snap","Coolheaded"],"floor":4},{"picked":"Scrape","not_picked":["Auto Shields","Rip and Tear"],"floor":6}],"event_choices":[{"event_name":"World of Goop","player_choice":"Gather Gold","floor":2,"cards_obtained":null,"cards_removed":null,"cards_transformed":null,"cards_upgraded":null,"relics_obtained":null,"potions_obtained":null,"relics_lost":null,"damage_taken":11,"damage_healed":0,"max_hp_loss":0,"max_hp_gain":0,"gold_gain":75,"gold_loss":0},{"event_name":"Scrap Ooze","player_choice":"Success","floor":7,"cards_obtained":null,"cards_removed":null,"cards_transformed":null,"cards_upgraded":null,"relics_obtained":["Shuriken"],"potions_obtained":null,"relics_lost":null,"damage_taken":7,"damage_healed":0,"max_hp_loss":0,"max_hp_gain":0,"gold_gain":0,"gold_loss":0}],"boss_relics":[],"damage_taken":[{"floor":1,"enemies":"Cultist","damage":0,"turns":2},{"floor":4,"enemies":"Jaw Worm","damage":7,"turns":3},{"floor":6,"enemies":"3 Sentries","damage":29,"turns":7},{"floor":8,"enemies":"Lagavulin","damage":25,"turns":4}],"potions_obtained":[{"key":"Dexterity Potion","floor":1},{"key":"Energy Potion","floor":6}],"relics_obtained":[{"key":"Girya","floor":5},{"key":"Toy Ornithopter","floor":6}],"campfire_choices":[],"circlet_count":0,"win_rate":0,"killed_by":"Lagavulin"}