{"play_id":"68db0d8f-05b8-4cb2-a6e8-206b2296a857","build_version":"2020-01-27","seed_played":"-281532709632844374","chose_seed":false,"seed_source_timestamp":28239655236,"is_daily":false,"special_seed":null,"is_trial":false,"is_endless":false,"is_ascension_mode":true,"ascension_level":10,"neow_bonus":"BOSS_RELIC","neow_cost":"NONE","is_beta":false,"is_prod":false,"victory":false,"floor_reached":22,"score":285,"timestamp":1703425982,"local_time":"12/24/2023 13:53:02","playtime":742,"player_experience":439843,"master_deck":["AscendersBane","Strike_B+1","Strike_B","Defend_B","Defend_B","Defend_B","Defend_B","Zap+1","Dualcast","Ball Lightning+1","Compile Driver","Defragment+1","Auto Shields","Creative AI","Doom and Gloom+1","FTL"],"relics":["Runic Dome","Whetstone","Letter Opener","Pocketwatch","Du-Vu Doll","Golden Idol","Nuclear Battery","GremlinMask","OrangePellets"],"gold":4,"campfire_rested":2,"campfire_upgraded":2,"purchased_purges":2,"potions_floor_spawned":[6,11,20],"potions_floor_usage":[18,20,22],"current_hp_per_floor":[67,67,72,60,60,20,20,20,20,44,4,4,26,26,26,23,61,38,38,20,20,0],"max_hp_per_floor":[75,75,80,80,80,80,80,80,80,80,80,74,74,74,74,74,74,74,74,74,74,74],"gold_per_floor":[110,12,12,26,26,53,53,53,53,53,79,79,79,92,92,218,218,234,234,252,4,4],"path_per_floor":["M","$","?","M","T","E","R","?","T","R","E","?","R","M","R","B",null,"M","?","M","$","M"],"path_taken":["M","$","?","M","?","E","R","?","T","R","E","?","R","M","R","BOSS","M","?","M","$","M"],"items_purchased":["Compile Driver","OrangePellets"],"item_purchase_floors":[2,21],"items_purged":["Strike_B","Strike_B"],"items_purged_floors":[2,21],"character_chosen":"DEFECT","card_choices":[{"picked":"Ball Lightning","not_picked":["Storm","Capacitor"],"floor":1},{"picked":"SKIP","not_picked":["Heatsinks","Barrage","Beam Cell"],"floor":4},{"picked":"Defragment","not_picked":["Fusion","Genetic Algorithm"],"floor":6},{"picked":"SKIP","not_picked":["Coolheaded","Cold Snap","Barrage"],"floor":11},{"picked":"Auto Shields","not_picked":["Coolheaded","Redo"],"floor":14},{"picked":"Creative AI","not_picked":["Buffer","Machine Learning"],"floor":16},{"picked":"Doom and Gloom+1","not_picked":["Stack+1","Steam Power"],"floor":18},{"picked":"FTL","not_picked":["Go for the Eyes","Streamline"],"floor":20}],"event_choices":[{"event_name":"Big Fish","player_choice":"Donut","floor":3,"cards_obtained":null,"cards_removed":null,"cards_transformed":null,"cards_upgraded":null,"relics_obtained":null,"potions_obtained":null,"relics_lost":null,"damage_taken":0,"damage_healed":0,"max_hp_loss":0,"max_hp_gain":5,"gold_gain":0,"gold_loss":0},{"event_name":"Dead Adventurer","player_choice":"Searched '0' times","floor":8,"cards_obtained":null,"cards_removed":null,"cards_transformed":null,"cards_upgraded":null,"relics_obtained":null,"potions_obtained":null,"relics_lost":null,"damage_taken":0,"damage_healed":0,"max_hp_loss":0,"max_hp_gain":0,"gold_gain":0,"gold_loss":0},{"event_name":"Golden Idol","player_choice":"Lose Max HP","floor":12,"cards_obtained":null,"cards_removed":null,"cards_transformed":null,"cards_upgraded":null,"relics_obtained":["Golden Idol"],"potions_obtained":null,"relics_lost":null,"damage_taken":0,"damage_healed":0,"max_hp_loss":6,"max_hp_gain":0,"gold_gain":0,"gold_loss":0},{"event_name":"FaceTrader","player_choice":"Trade","floor":19,"cards_obtained":null,"cards_removed":null,"cards_transformed":null,"cards_upgraded":null,"relics_obtained":["GremlinMask"],"potions_obtained":null,"relics_lost":null,"damage_taken":0,"damage_healed":0,"max_hp_loss":0,"max_hp_gain":0,"gold_gain":0,"gold_loss":0}],"boss_relics":[{"picked":"Nuclear Battery","not_picked":["Tiny House","Snecko Eye"]}],"damage_taken":[{"floor":1,"enemies":"Small Slimes","damage":1,"turns":4},{"floor":4,"enemies":"Jaw Worm","damage":12,"turns":2},{"floor":6,"enemies":"3 Sentries","damage":40,"turns":6},{"floor":11,"enemies":"Lagavulin","damage":40,"turns":6},{"floor":14,"enemies":"2 Louse","damage":0,"turns":2},{"floor":16,"enemies":"Hexaghost","damage":3,"turns":8},{"floor":18,"enemies":"3 Byrds","damage":23,"turns":4},{"floor":20,"enemies":"2 Thieves","damage":18,"turns":4},{"floor":22,"enemies":"Centurion and Healer","damage":25,"turns":4}],"potions_obtained":[{"key":"EssenceOfSteel","floor":6},{"key":"GamblersBrew","floor":11},{"key":"Explosive Potion","floor":20}],"relics_obtained":[{"key":"Whetstone","floor":5},{"key":"Letter Opener","floor":6},{"key":"Pocketwatch","floor":9},{"key":"Du-Vu Doll","floor":11}],"campfire_choices":[{"floor":7,"key":"SMITH","data":"Defragment"},{"floor":10,"key":"REST"},{"floor":13,"key":"REST"},{"floor":15,"key":"SMITH","data":"Zap"}],"circlet_count":0,"win_rate":0,"killed_by":"Centurion and Healer"}