{"play_id":"9f87962c-9bb4-47f9-b5d2-295a85f8b50a","build_version":"2020-01-27","seed_played":"7644269920136833842","chose_seed":false,"seed_source_timestamp":892831337271,"is_daily":false,"special_seed":null,"is_trial":false,"is_endless":false,"is_ascension_mode":true,"ascension_level":10,"neow_bonus":"TRANSFORM_CARD","neow_cost":"NONE","is_beta":false,"is_prod":false,"victory":false,"floor_reached":31,"score":380,"timestamp":1703254718,"local_time":"12/22/2023 14:18:38","playtime":1090,"player_experience":429619,"master_deck":["AscendersBane","Strike_B+1","Strike_B+1","Strike_B+1","Defend_B","Defend_B+1","Defend_B","Zap+1","Dualcast+1","Aggregate+1","Ball Lightning","Conserve Battery","Lockon+1","Glacier","Rainbow+1","Hologram+1","FTL+1","Capacitor","Capacitor+1"],"relics":["Cracked Core","Whetstone","Juzu Bracelet","Toy Ornithopter","The Courier","Vajra","Runic Pyramid","Tiny Chest","MawBank","War Paint","Membership Card","Nunchaku"],"gold":30,"campfire_rested":2,"campfire_upgraded":2,"purchased_purges":1,"potions_floor_spawned":[6,14,19],"potions_floor_usage":[14,18,19,23],"current_hp_per_floor":[64,49,49,67,67,39,39,39,39,39,39,39,39,25,25,23,62,59,42,42,42,42,15,37,23,23,47,47,47,47,0],"max_hp_per_floor":[75,75,75,75,75,75,75,75,75,75,75,75,75,75,75,75,75,75,75,75,75,75,75,75,80,80,80,80,80,80,80],"gold_per_floor":[111,111,36,1,20,45,45,5,29,52,22,22,22,57,57,157,157,167,179,2,0,0,34,46,58,96,108,5,30,30,30],"path_per_floor":["M","?","$","?","M","E","R","$","T","T","?","$","T","E","R","B",null,"M","M","$","?","?","E","R","?","T","R","$","T","?","M"],"path_taken":["M","?","$","?","M","E","R","$","T","?","?","?","?","E","R","BOSS","M","M","$","?","?","E","R","?","T","R","$","?","?","M"],"items_purchased":["Lockon","Tiny Chest","Capacitor","Membership Card"],"item_purchase_floors":[8,20,20,28],"items_purged":["Defend_B"],"items_purged_floors":[3],"character_chosen":"DEFECT","card_choices":[{"picked":"Ball Lightning","not_picked":["Gash","Skim"],"floor":1},{"picked":"Conserve Battery","not_picked":["Go for the Eyes","Rebound"],"floor":5},{"picked":"SKIP","not_picked":["Leap","Steam","All For One"],"floor":6},{"picked":"Glacier","not_picked":["Hologram","Reprogram"],"floor":14},{"picked":"Rainbow","not_picked":["Reboot","Hyperbeam"],"floor":16},{"picked":"Hologram+1","not_picked":["Streamline","Go for the Eyes"],"floor":18},{"picked":"FTL+1","not_picked":["Sweeping Beam","Storm"],"floor":19},{"picked":"Capacitor+1","not_picked":["BootSequence","Heatsinks+1"],"floor":23}],"event_choices":[{"event_name":"Shining Light","player_choice":"Entered Light","floor":2,"cards_obtained":null,"cards_removed":null,"cards_transformed":null,"cards_upgraded":["Strike_B","Defend_B"],"relics_obtained":null,"potions_obtained":null,"relics_lost":null,"damage_taken":15,"damage_healed":0,"max_hp_loss":0,"max_hp_gain":0,"gold_gain":0,"gold_loss":0},{"event_name":"The Cleric","player_choice":"Healed","floor":4,"cards_obtained":null,"cards_removed":null,"cards_transformed":null,"cards_upgraded":null,"relics_obtained":null,"potions_obtained":null,"relics_lost":null,"damage_taken":0,"damage_healed":18,"max_hp_loss":0,"max_hp_gain":0,"gold_gain":0,"gold_loss":35},{"event_name":"The Woman in Blue","player_choice":"Bought 2 Potions","floor":11,"cards_obtained":null,"cards_removed":null,"cards_transformed":null,"cards_upgraded":null,"relics_obtained":null,"potions_obtained":null,"relics_lost":null,"damage_taken":0,"damage_healed":0,"max_hp_loss":0,"max_hp_gain":0,"gold_gain":0,"gold_loss":0},{"event_name":"Masked Bandits","player_choice":"Paid Fearfully","floor":21,"cards_obtained":null,"cards_removed":null,"cards_transformed":null,"cards_upgraded":null,"relics_obtained":null,"potions_obtained":null,"relics_lost":null,"damage_taken":0,"damage_healed":0,"max_hp_loss":0,"max_hp_gain":0,"gold_gain":0,"gold_loss":2},{"event_name":"N'loth","player_choice":"Ignored","floor":22,"cards_obtained":null,"cards_removed":null,"cards_transformed":null,"cards_upgraded":null,"relics_obtained":null,"potions_obtained":null,"relics_lost":null,"damage_taken":0,"damage_healed":0,"max_hp_loss":0,"max_hp_gain":0,"gold_gain":0,"gold_loss":0},{"event_name":"Forgotten Altar","player_choice":"Shed Blood","floor":25,"cards_obtained":null,"cards_removed":null,"cards_transformed":null,"cards_upgraded":null,"relics_obtained":null,"potions_obtained":null,"relics_lost":null,"damage_taken":19,"damage_healed":0,"max_hp_loss":0,"max_hp_gain":5,"gold_gain":0,"gold_loss":0},{"event_name":"Upgrade Shrine","player_choice":"Upgraded","floor":30,"cards_obtained":null,"cards_removed":null,"cards_transformed":null,"cards_upgraded":["Rainbow"],"relics_obtained":null,"potions_obtained":null,"relics_lost":null,"damage_taken":0,"damage_healed":0,"max_hp_loss":0,"max_hp_gain":0,"gold_gain":0,"gold_loss":0}],"boss_relics":[{"picked":"Runic Pyramid","not_picked":["Nuclear Battery","Tiny House"]}],"damage_taken":[{"floor":1,"enemies":"Jaw Worm","damage":4,"turns":5},{"floor":5,"enemies":"Small Slimes","damage":0,"turns":2},{"floor":6,"enemies":"Lagavulin","damage":28,"turns":7},{"floor":14,"enemies":"3 Sentries","damage":19,"turns":5},{"floor":16,"enemies":"The Guardian","damage":2,"turns":11},{"floor":18,"enemies":"Shell Parasite","damage":8,"turns":4},{"floor":19,"enemies":"2 Thieves","damage":22,"turns":4},{"floor":23,"enemies":"Book of Stabbing","damage":47,"turns":6},{"floor":31,"enemies":"3 Cultists","damage":50,"turns":4}],"potions_obtained":[{"key":"Strength Potion","floor":6},{"key":"Weak Potion","floor":11},{"key":"SteroidPotion","floor":11},{"key":"Fire Potion","floor":14},{"key":"Regen Potion","floor":19}],"relics_obtained":[{"key":"Whetstone","floor":6},{"key":"Juzu Bracelet","floor":9},{"key":"Toy Ornithopter","floor":10},{"key":"The Courier","floor":13},{"key":"Vajra","floor":14},{"key":"MawBank","floor":23},{"key":"War Paint","floor":26},{"key":"Nunchaku","floor":29}],"campfire_choices":[{"floor":7,"key":"SMITH","data":"Zap"},{"floor":15,"key":"SMITH","data":"Lockon"},{"floor":24,"key":"REST"},{"floor":27,"key":"REST"}],"circlet_count":0,"win_rate":0,"killed_by":"3 Cultists"}