{"play_id":"a7e0c39a-8aa9-4ff2-8162-32a26aebbd32","build_version":"2020-01-27","seed_played":"459691914980038794","chose_seed":false,"seed_source_timestamp":1276972706757,"is_daily":false,"special_seed":null,"is_trial":false,"is_endless":false,"is_ascension_mode":true,"ascension_level":10,"neow_bonus":"THREE_ENEMY_KILL","neow_cost":"NONE","is_beta":false,"is_prod":false,"victory":false,"floor_reached":16,"score":221,"timestamp":1703375576,"local_time":"12/23/2023 23:52:56","playtime":632,"player_experience":437380,"master_deck":["AscendersBane","Strike_B","Strike_B","Defend_B","Defend_B","Defend_B","Defend_B","Zap","Dualcast","Gash","Ball Lightning","White Noise","Gash","White Noise+1"],"relics":["Cracked Core","NeowsBlessing","Pen Nib","Meat on the Bone","The Courier","InkBottle"],"gold":170,"campfire_rested":0,"campfire_upgraded":1,"purchased_purges":1,"potions_floor_spawned":[4,6,12,14],"potions_floor_usage":[10,13,14,16],"current_hp_per_floor":[68,68,73,73,73,73,73,73,73,58,45,45,50,32,32,0],"max_hp_per_floor":[75,75,80,80,80,80,80,80,80,80,80,80,80,80,80,80],"gold_per_floor":[117,65,65,85,85,119,44,58,58,91,110,123,138,170,170,170],"path_per_floor":["M","$","?","M","?","E","$","M","T","E","M","M","M","E","R","B"],"path_taken":["M","$","?","M","?","E","?","M","T","E","?","?","M","E","R","BOSS"],"items_purchased":["Ball Lightning"],"item_purchase_floors":[2],"items_purged":["Strike_B"],"items_purged_floors":[7],"character_chosen":"DEFECT","card_choices":[{"picked":"Gash","not_picked":["Rip and Tear","Rebound"],"floor":1},{"picked":"White Noise","not_picked":["Chill","Stack"],"floor":4},{"picked":"SKIP","not_picked":["Sunder","FTL","Compile Driver"],"floor":6},{"picked":"SKIP","not_picked":["Storm","Turbo","Double Energy"],"floor":8},{"picked":"SKIP","not_picked":["Storm","Thunder Strike","Reinforced Body"],"floor":10},{"picked":"Gash","not_picked":["Stack","Redo"],"floor":11},{"picked":"SKIP","not_picked":["Blizzard","Hello World","Fusion"],"floor":12},{"picked":"SKIP","not_picked":["Steam Power","Beam Cell","Redo"],"floor":13},{"picked":"White Noise","not_picked":["Hello World","Steam"],"floor":14}],"event_choices":[{"event_name":"Big Fish","player_choice":"Donut","floor":3,"cards_obtained":null,"cards_removed":null,"cards_transformed":null,"cards_upgraded":null,"relics_obtained":null,"potions_obtained":null,"relics_lost":null,"damage_taken":0,"damage_healed":0,"max_hp_loss":0,"max_hp_gain":5,"gold_gain":0,"gold_loss":0},{"event_name":"Living Wall","player_choice":"Forget","floor":5,"cards_obtained":null,"cards_removed":["Strike_B"],"cards_transformed":null,"cards_upgraded":null,"relics_obtained":null,"potions_obtained":null,"relics_lost":null,"damage_taken":0,"damage_healed":0,"max_hp_loss":0,"max_hp_gain":0,"gold_gain":0,"gold_loss":0}],"boss_relics":[],"damage_taken":[{"floor":1,"enemies":"Jaw Worm","damage":0,"turns":1},{"floor":4,"enemies":"2 Louse","damage":0,"turns":1},{"floor":6,"enemies":"Gremlin Nob","damage":0,"turns":1},{"floor":8,"enemies":"Cultist","damage":0,"turns":3},{"floor":10,"enemies":"3 Sentries","damage":15,"turns":4},{"floor":11,"enemies":"Lots of Slimes","damage":25,"turns":3},{"floor":12,"enemies":"Large Slime","damage":0,"turns":3},{"floor":13,"enemies":"3 Louse","damage":7,"turns":2},{"floor":14,"enemies":"Lagavulin","damage":30,"turns":6},{"floor":16,"enemies":"The Guardian","damage":36,"turns":4}],"potions_obtained":[{"key":"BlessingOfTheForge","floor":4},{"key":"Block Potion","floor":6},{"key":"PowerPotion","floor":12},{"key":"FocusPotion","floor":14}],"relics_obtained":[{"key":"Pen Nib","floor":6},{"key":"Meat on the Bone","floor":9},{"key":"The Courier","floor":10},{"key":"InkBottle","floor":14}],"campfire_choices":[{"floor":15,"key":"SMITH","data":"White Noise"}],"circlet_count":0,"win_rate":0,"killed_by":"The Guardian"}