{"play_id":"9c55f468-8bf8-409e-a977-503fb89f42db","build_version":"2020-01-27","seed_played":"7583745689345703062","chose_seed":false,"seed_source_timestamp":1271781991702,"is_daily":false,"special_seed":null,"is_trial":false,"is_endless":false,"is_ascension_mode":true,"ascension_level":10,"neow_bonus":"BOSS_RELIC","neow_cost":"NONE","is_beta":false,"is_prod":false,"victory":false,"floor_reached":14,"score":126,"timestamp":1703374919,"local_time":"12/23/2023 23:41:59","playtime":446,"player_experience":436934,"master_deck":["AscendersBane","Strike_B","Strike_B","Strike_B","Strike_B","Defend_B","Defend_B","Defend_B","Zap","Dualcast","White Noise+1","Melter","Loop","Ball Lightning","Gash"],"relics":["SlaversCollar","Ginger","MawBank","Membership Card","MealTicket"],"gold":23,"campfire_rested":1,"campfire_upgraded":1,"purchased_purges":1,"potions_floor_spawned":[8],"potions_floor_usage":[14],"current_hp_per_floor":[55,48,48,48,37,7,29,19,19,19,1,1,1,0],"max_hp_per_floor":[75,75,75,75,75,75,75,75,75,75,75,75,75,75],"gold_per_floor":[117,117,292,104,179,205,205,217,217,229,241,253,23,23],"path_per_floor":["M","?","?","$","?","E","R","M","T","R","?","?","$","M"],"path_taken":["M","?","?","$","?","E","R","M","T","R","?","?","$","M"],"items_purchased":["White Noise","Melter","Membership Card","MealTicket","Gash"],"item_purchase_floors":[4,4,13,13,13],"items_purged":["Doubt"],"items_purged_floors":[4],"character_chosen":"DEFECT","card_choices":[{"picked":"SKIP","not_picked":["Turbo","Reprogram","Leap"],"floor":1},{"picked":"Loop","not_picked":["Hologram","Sunder"],"floor":6},{"picked":"Ball Lightning","not_picked":["Coolheaded","Compile Driver"],"floor":8}],"event_choices":[{"event_name":"Golden Wing","player_choice":"Card Removal","floor":2,"cards_obtained":null,"cards_removed":["Defend_B"],"cards_transformed":null,"cards_upgraded":null,"relics_obtained":null,"potions_obtained":null,"relics_lost":null,"damage_taken":7,"damage_healed":0,"max_hp_loss":0,"max_hp_gain":0,"gold_gain":0,"gold_loss":0},{"event_name":"Liars Game","player_choice":"AGREE","floor":3,"cards_obtained":["Doubt"],"cards_removed":null,"cards_transformed":null,"cards_upgraded":null,"relics_obtained":null,"potions_obtained":null,"relics_lost":null,"damage_taken":0,"damage_healed":0,"max_hp_loss":0,"max_hp_gain":0,"gold_gain":175,"gold_loss":0},{"event_name":"World of Goop","player_choice":"Gather Gold","floor":5,"cards_obtained":null,"cards_removed":null,"cards_transformed":null,"cards_upgraded":null,"relics_obtained":null,"potions_obtained":null,"relics_lost":null,"damage_taken":11,"damage_healed":0,"max_hp_loss":0,"max_hp_gain":0,"gold_gain":75,"gold_loss":0},{"event_name":"Scrap Ooze","player_choice":"Fled","floor":11,"cards_obtained":null,"cards_removed":null,"cards_transformed":null,"cards_upgraded":null,"relics_obtained":null,"potions_obtained":null,"relics_lost":null,"damage_taken":18,"damage_healed":0,"max_hp_loss":0,"max_hp_gain":0,"gold_gain":0,"gold_loss":0},{"event_name":"Dead Adventurer","player_choice":"Searched '0' times","floor":12,"cards_obtained":null,"cards_removed":null,"cards_transformed":null,"cards_upgraded":null,"relics_obtained":null,"potions_obtained":null,"relics_lost":null,"damage_taken":0,"damage_healed":0,"max_hp_loss":0,"max_hp_gain":0,"gold_gain":0,"gold_loss":0}],"boss_relics":[],"damage_taken":[{"floor":1,"enemies":"Jaw Worm","damage":13,"turns":4},{"floor":6,"enemies":"Lagavulin","damage":30,"turns":6},{"floor":8,"enemies":"Small Slimes","damage":10,"turns":4},{"floor":14,"enemies":"2 Louse","damage":7,"turns":1}],"potions_obtained":[{"key":"SkillPotion","floor":8}],"relics_obtained":[{"key":"Ginger","floor":6},{"key":"MawBank","floor":9}],"campfire_choices":[{"floor":7,"key":"REST"},{"floor":10,"key":"SMITH","data":"White Noise"}],"circlet_count":0,"win_rate":0,"killed_by":"2 Louse"}