{"play_id":"6d71e517-e62f-4d83-a720-379879cb0950","build_version":"2020-01-27","seed_played":"-1134360449610199221","chose_seed":false,"seed_source_timestamp":1104735793451,"is_daily":false,"special_seed":null,"is_trial":false,"is_endless":false,"is_ascension_mode":true,"ascension_level":10,"neow_bonus":"BOSS_RELIC","neow_cost":"NONE","is_beta":false,"is_prod":false,"victory":false,"floor_reached":33,"score":422,"timestamp":1703311659,"local_time":"12/23/2023 06:07:39","playtime":1540,"player_experience":433204,"master_deck":["AscendersBane","Zap","Dualcast+1","Steam Power","Streamline+1","Auto Shields","Sunder+1","Storm","Hyperbeam+1","Core Surge","Skim","Cold Snap","Amplify","Ball Lightning","Steam","Thunder Strike","Undo+1","Beam Cell+1","Static Discharge+1","Conserve Battery","Glacier+1"],"relics":["Pandora's Box","Golden Idol","Omamori","MawBank","Black Star","Eternal Feather","Nilry's Codex","Pantograph","Tiny Chest","Prayer Wheel","Bottled Flame","Whetstone","HornCleat","InkBottle","Question Card"],"gold":44,"campfire_rested":4,"campfire_upgraded":3,"purchased_purges":1,"potions_floor_spawned":[4,11,14,22,24],"potions_floor_usage":[16,16,22,31],"current_hp_per_floor":[68,68,68,62,52,52,52,42,42,42,2,2,2,2,24,1,57,41,41,25,25,12,43,15,46,46,46,46,55,55,24,60,0],"max_hp_per_floor":[75,75,75,75,75,75,75,75,75,75,75,75,75,75,75,75,75,75,75,75,75,75,75,75,75,75,75,75,75,75,80,80,80],"gold_per_floor":[116,68,68,86,110,110,126,149,149,149,192,204,169,202,214,349,361,389,401,413,425,437,449,494,506,518,530,34,34,11,44,44,44],"path_per_floor":["M","$","?","M","M","R","M","M","T","R","E","?","?","M","R","B",null,"M","?","?","?","M","R","E","R","T","T","$","R","$","E","R","B"],"path_taken":["M","$","?","M","M","R","M","M","T","R","E","?","?","M","R","BOSS","M","?","?","?","M","R","E","R","T","?","$","R","?","E","R","BOSS"],"items_purchased":["Cold Snap","Whetstone","Static Discharge","HornCleat","Conserve Battery"],"item_purchase_floors":[2,28,28,28,30],"items_purged":["Injury"],"items_purged_floors":[28],"character_chosen":"DEFECT","card_choices":[{"picked":"SKIP","not_picked":["Redo","Stack","Go for the Eyes"],"floor":1},{"picked":"SKIP","not_picked":["Fusion","Coolheaded","Hologram"],"floor":4},{"picked":"Amplify","not_picked":["Capacitor","Darkness"],"floor":5},{"picked":"Ball Lightning","not_picked":["Recycle","Barrage"],"floor":7},{"picked":"SKIP","not_picked":["Sweeping Beam","Rip and Tear","Tempest"],"floor":8},{"picked":"SKIP","not_picked":["Hologram","Coolheaded","Turbo"],"floor":11},{"picked":"Steam","not_picked":["FTL","Coolheaded"],"floor":14},{"picked":"Thunder Strike","not_picked":["Multi-Cast","Meteor Strike"],"floor":16},{"picked":"Undo+1","not_picked":["Blizzard","Chill+1"],"floor":18},{"picked":"Beam Cell","not_picked":["Turbo","Streamline+1"],"floor":24},{"picked":"Glacier+1","not_picked":["Cold Snap","Scrape"],"floor":31}],"event_choices":[{"event_name":"Golden Idol","player_choice":"Take Wound","floor":3,"cards_obtained":["Injury"],"cards_removed":null,"cards_transformed":null,"cards_upgraded":null,"relics_obtained":["Golden Idol"],"potions_obtained":null,"relics_lost":null,"damage_taken":0,"damage_healed":0,"max_hp_loss":0,"max_hp_gain":0,"gold_gain":0,"gold_loss":0},{"event_name":"Living Wall","player_choice":"Grow","floor":12,"cards_obtained":null,"cards_removed":null,"cards_transformed":null,"cards_upgraded":["Dualcast"],"relics_obtained":null,"potions_obtained":null,"relics_lost":null,"damage_taken":0,"damage_healed":0,"max_hp_loss":0,"max_hp_gain":0,"gold_gain":0,"gold_loss":0},{"event_name":"World of Goop","player_choice":"Left Gold","floor":13,"cards_obtained":null,"cards_removed":null,"cards_transformed":null,"cards_upgraded":null,"relics_obtained":null,"potions_obtained":null,"relics_lost":null,"damage_taken":0,"damage_healed":0,"max_hp_loss":0,"max_hp_gain":0,"gold_gain":0,"gold_loss":47},{"event_name":"The Mausoleum","player_choice":"Opened","floor":19,"cards_obtained":["Writhe"],"cards_removed":null,"cards_transformed":null,"cards_upgraded":null,"relics_obtained":["Eternal Feather"],"potions_obtained":null,"relics_lost":null,"damage_taken":0,"damage_healed":0,"max_hp_loss":0,"max_hp_gain":0,"gold_gain":0,"gold_loss":0},{"event_name":"Cursed Tome","player_choice":"Obtained Book","floor":20,"cards_obtained":null,"cards_removed":null,"cards_transformed":null,"cards_upgraded":null,"relics_obtained":null,"potions_obtained":null,"relics_lost":null,"damage_taken":16,"damage_healed":0,"max_hp_loss":0,"max_hp_gain":0,"gold_gain":0,"gold_loss":0},{"event_name":"Vampires","player_choice":"Ignored","floor":21,"cards_obtained":null,"cards_removed":null,"cards_transformed":null,"cards_upgraded":null,"relics_obtained":null,"potions_obtained":null,"relics_lost":null,"damage_taken":0,"damage_healed":0,"max_hp_loss":0,"max_hp_gain":0,"gold_gain":0,"gold_loss":0}],"boss_relics":[{"picked":"Black Star","not_picked":["Fusion Hammer","Philosopher's Stone"]}],"damage_taken":[{"floor":1,"enemies":"2 Louse","damage":0,"turns":1},{"floor":4,"enemies":"Jaw Worm","damage":6,"turns":3},{"floor":5,"enemies":"Small Slimes","damage":10,"turns":2},{"floor":7,"enemies":"Looter","damage":0,"turns":2},{"floor":8,"enemies":"2 Fungi Beasts","damage":10,"turns":4},{"floor":11,"enemies":"Lagavulin","damage":40,"turns":6},{"floor":14,"enemies":"3 Louse","damage":0,"turns":1},{"floor":16,"enemies":"Hexaghost","damage":23,"turns":9},{"floor":18,"enemies":"Chosen","damage":16,"turns":4},{"floor":22,"enemies":"Spheric Guardian","damage":13,"turns":5},{"floor":24,"enemies":"Book of Stabbing","damage":28,"turns":5},{"floor":31,"enemies":"Gremlin Leader","damage":36,"turns":6},{"floor":33,"enemies":"Collector","damage":80,"turns":9}],"potions_obtained":[{"key":"SteroidPotion","floor":4},{"key":"SmokeBomb","floor":11},{"key":"EssenceOfSteel","floor":14},{"key":"Fruit Juice","floor":24}],"relics_obtained":[{"key":"Omamori","floor":9},{"key":"MawBank","floor":11},{"key":"Nilry's Codex","floor":20},{"key":"Pantograph","floor":24},{"key":"Tiny Chest","floor":24},{"key":"Prayer Wheel","floor":26},{"key":"Bottled Flame","floor":27},{"key":"InkBottle","floor":31},{"key":"Question Card","floor":31}],"campfire_choices":[{"floor":6,"key":"SMITH","data":"Hyperbeam"},{"floor":10,"key":"SMITH","data":"Streamline"},{"floor":15,"key":"REST"},{"floor":23,"key":"REST"},{"floor":25,"key":"REST"},{"floor":29,"key":"SMITH","data":"Static Discharge"},{"floor":32,"key":"REST"}],"circlet_count":0,"win_rate":0,"killed_by":"Collector"}