{"play_id":"52fa8284-74b0-4eea-9409-38a52a979ca9","build_version":"2020-01-27","seed_played":"4078920963819148429","chose_seed":false,"seed_source_timestamp":0,"is_daily":false,"special_seed":0,"is_trial":false,"is_endless":false,"is_ascension_mode":true,"ascension_level":11,"neow_bonus":"BOSS_RELIC","neow_cost":"NONE","is_beta":false,"is_prod":false,"victory":true,"floor_reached":51,"score":1366,"timestamp":1704388989,"local_time":"01/04/2024 17:23:09","playtime":2380,"player_experience":481236,"master_deck":["AscendersBane","Zap","Dualcast","Lockon","Rainbow","BootSequence","Gash","Electrodynamics+1","Echo Form+1","FTL","Lockon","Steam","Conserve Battery","Defragment+1","Undo","Electrodynamics","Doom and Gloom","Conserve Battery+1","Steam+1","Auto Shields+1","Steam Power+1","Trip+1","Rainbow+1","Capacitor","Creative AI","Conserve Battery+1","Aggregate+1","Defragment"],"relics":["Pandora's Box","StoneCalendar","Toxic Egg 2","Bag of Preparation","Fusion Hammer","Potion Belt","ClockworkSouvenir","Pen Nib","Mummified Hand","Bottled Tornado","TungstenRod","Happy Flower","SlaversCollar","Singing Bowl","Ice Cream","White Beast Statue","Lizard Tail","Blood Vial","Gremlin Horn"],"gold":414,"campfire_rested":5,"campfire_upgraded":3,"purchased_purges":0,"potions_floor_spawned":[1,3,7,11,20,23,31,36,41,44,46,47,48],"potions_floor_usage":[23,33,36,41,46,46,47,50,50,50,50],"current_hp_per_floor":[68,68,62,62,62,62,62,62,62,62,58,58,33,33,33,33,65,60,60,58,58,58,58,75,61,61,57,57,52,74,74,74,69,74,74,62,62,62,62,71,43,43,43,5,27,17,40,25,49,2],"max_hp_per_floor":[75,75,75,75,75,75,75,75,75,75,75,75,75,75,75,75,75,75,75,75,75,75,75,75,75,75,75,75,75,75,75,75,75,75,75,75,75,75,71,71,73,73,73,75,75,80,80,80,80,80],"gold_per_floor":[112,112,124,140,28,28,61,78,152,152,168,168,195,213,213,308,308,318,318,337,43,43,71,71,104,174,207,62,62,62,77,77,181,181,197,207,207,138,138,138,168,218,288,339,339,371,386,414,414,414],"path_per_floor":["M","$","M","M","$","R","E","M","T","?","M","R","E","M","R","B","ul","M","?","M","$","?","E","R","E","T","E","$","?","R","M","R","B",null,"M","M","?","$","?","R","E","?","T","?","R","E","M","E","R","B",null],"path_taken":["M","?","?","?","$","R","E","M","T","?","?","R","E","?","R","BOSS","M","?","M","$","?","E","R","E","T","E","$","?","R","M","R","BOSS","M","M","?","$","?","R","E","?","T","?","R","E","M","E","R","BOSS"],"items_purchased":["Defragment","Undo","ClockworkSouvenir","Trip+1","FocusPotion","Happy Flower","Capacitor"],"item_purchase_floors":[5,5,21,21,21,28,38],"items_purged":[],"items_purged_floors":[],"character_chosen":"DEFECT","card_choices":[{"picked":"Lockon","not_picked":["Skim","Fusion"],"floor":1},{"picked":"Steam","not_picked":["Sweeping Beam","Gash"],"floor":3},{"picked":"Conserve Battery","not_picked":["Amplify","Leap"],"floor":4},{"picked":"Electrodynamics","not_picked":["Rebound","Conserve Battery"],"floor":7},{"picked":"SKIP","not_picked":["Coolheaded","Sweeping Beam","Rebound"],"floor":8},{"picked":"Conserve Battery+1","not_picked":["Static Discharge","Blizzard"],"floor":11},{"picked":"Steam+1","not_picked":["Doom and Gloom","Rip and Tear"],"floor":13},{"picked":"SKIP","not_picked":["Force Field+1","Sweeping Beam","Beam Cell"],"floor":14},{"picked":"Auto Shields+1","not_picked":["Cold Snap","Leap+1"],"floor":18},{"picked":"Steam Power+1","not_picked":["Leap+1","Storm"],"floor":20},{"picked":"SKIP","not_picked":["Rebound","Coolheaded+1","Heatsinks"],"floor":23},{"picked":"SKIP","not_picked":["Recycle+1","Streamline","Turbo+1"],"floor":25},{"picked":"SKIP","not_picked":["Gash+1","Consume+1","Blizzard"],"floor":27},{"picked":"SKIP","not_picked":["Coolheaded+1","Steam+1","Hello World"],"floor":31},{"picked":"Rainbow+1","not_picked":["Fission+1","Meteor Strike"],"floor":33},{"picked":"SKIP","not_picked":["Stack+1","Redo+1","Rebound+1"],"floor":35},{"picked":"SKIP","not_picked":["Gash+1","Turbo+1","Stack+1"],"floor":36},{"picked":"Singing Bowl","not_picked":["Barrage","Cold Snap","Streamline"],"floor":41},{"picked":"Creative AI","not_picked":["Gash+1","Blizzard+1"],"floor":42},{"picked":"Singing Bowl","not_picked":["Hologram+1","Cold Snap+1","Redo+1"],"floor":44},{"picked":"Conserve Battery+1","not_picked":["BootSequence+1","Turbo+1"],"floor":46},{"picked":"Aggregate+1","not_picked":["Streamline+1","Cold Snap"],"floor":47},{"picked":"Defragment","not_picked":["Barrage","Conserve Battery+1"],"floor":48}],"event_choices":[{"event_name":"Transmorgrifier","player_choice":"Transformed","floor":10,"cards_obtained":["Doom and Gloom"],"cards_removed":null,"cards_transformed":["Meteor Strike"],"cards_upgraded":null,"relics_obtained":null,"potions_obtained":null,"relics_lost":null,"damage_taken":0,"damage_healed":0,"max_hp_loss":0,"max_hp_gain":0,"gold_gain":0,"gold_loss":0},{"event_name":"The Mausoleum","player_choice":"Opened","floor":19,"cards_obtained":null,"cards_removed":null,"cards_transformed":null,"cards_upgraded":null,"relics_obtained":["Potion Belt"],"potions_obtained":null,"relics_lost":null,"damage_taken":0,"damage_healed":0,"max_hp_loss":0,"max_hp_gain":0,"gold_gain":0,"gold_loss":0},{"event_name":"Vampires","player_choice":"Ignored","floor":22,"cards_obtained":null,"cards_removed":null,"cards_transformed":null,"cards_upgraded":null,"relics_obtained":null,"potions_obtained":null,"relics_lost":null,"damage_taken":0,"damage_healed":0,"max_hp_loss":0,"max_hp_gain":0,"gold_gain":0,"gold_loss":0},{"event_name":"Knowing Skull","player_choice":"","floor":29,"cards_obtained":[],"cards_removed":null,"cards_transformed":null,"cards_upgraded":null,"relics_obtained":null,"potions_obtained":[],"relics_lost":null,"damage_taken":6,"damage_healed":0,"max_hp_loss":0,"max_hp_gain":0,"gold_gain":0,"gold_loss":0},{"event_name":"Tomb of Lord Red Mask","player_choice":"Ignored","floor":37,"cards_obtained":null,"cards_removed":null,"cards_transformed":null,"cards_upgraded":null,"relics_obtained":null,"potions_obtained":null,"relics_lost":null,"damage_taken":0,"damage_healed":0,"max_hp_loss":0,"max_hp_gain":0,"gold_gain":0,"gold_loss":0},{"event_name":"Winding Halls","player_choice":"Max HP","floor":39,"cards_obtained":null,"cards_removed":null,"cards_transformed":null,"cards_upgraded":null,"relics_obtained":null,"potions_obtained":null,"relics_lost":null,"damage_taken":0,"damage_healed":0,"max_hp_loss":4,"max_hp_gain":0,"gold_gain":0,"gold_loss":0},{"event_name":"MindBloom","player_choice":"Fight","floor":42,"cards_obtained":null,"cards_removed":null,"cards_transformed":null,"cards_upgraded":null,"relics_obtained":null,"potions_obtained":null,"relics_lost":null,"damage_taken":0,"damage_healed":0,"max_hp_loss":0,"max_hp_gain":0,"gold_gain":0,"gold_loss":0},{"event_name":"Mysterious Sphere","player_choice":"Fight","floor":44,"cards_obtained":null,"cards_removed":null,"cards_transformed":null,"cards_upgraded":null,"relics_obtained":null,"potions_obtained":null,"relics_lost":null,"damage_taken":0,"damage_healed":0,"max_hp_loss":0,"max_hp_gain":0,"gold_gain":0,"gold_loss":0}],"boss_relics":[{"picked":"Fusion Hammer","not_picked":["Velvet Choker","Coffee Dripper"]},{"picked":"SlaversCollar","not_picked":["Runic Dome","Empty Cage"]}],"damage_taken":[{"floor":1,"enemies":"Cultist","damage":0,"turns":2},{"floor":3,"enemies":"Small Slimes","damage":6,"turns":3},{"floor":4,"enemies":"Jaw Worm","damage":0,"turns":2},{"floor":7,"enemies":"Lagavulin","damage":0,"turns":6},{"floor":8,"enemies":"3 Louse","damage":0,"turns":2},{"floor":11,"enemies":"Red Slaver","damage":4,"turns":2},{"floor":13,"enemies":"Gremlin Nob","damage":25,"turns":4},{"floor":14,"enemies":"2 Fungi Beasts","damage":0,"turns":2},{"floor":16,"enemies":"Slime Boss","damage":0,"turns":6},{"floor":18,"enemies":"2 Thieves","damage":5,"turns":3},{"floor":20,"enemies":"Chosen","damage":2,"turns":3},{"floor":23,"enemies":"Gremlin Leader","damage":0,"turns":5},{"floor":25,"enemies":"Book of Stabbing","damage":14,"turns":5},{"floor":27,"enemies":"Slavers","damage":4,"turns":3},{"floor":31,"enemies":"Snake Plant","damage":0,"turns":3},{"floor":33,"enemies":"Collector","damage":5,"turns":6},{"floor":35,"enemies":"Orb Walker","damage":0,"turns":3},{"floor":36,"enemies":"3 Darklings","damage":12,"turns":3},{"floor":41,"enemies":"Giant Head","damage":30,"turns":7},{"floor":42,"enemies":"Mind Bloom Boss Battle","damage":0,"turns":4},{"floor":44,"enemies":"2 Orb Walkers","damage":40,"turns":4},{"floor":46,"enemies":"Reptomancer","damage":15,"turns":5},{"floor":47,"enemies":"Writhing Mass","damage":21,"turns":3},{"floor":48,"enemies":"Nemesis","damage":17,"turns":7},{"floor":50,"enemies":"Awakened One","damage":49,"turns":8}],"potions_obtained":[{"key":"DuplicationPotion","floor":1},{"key":"SteroidPotion","floor":3},{"key":"Fruit Juice","floor":7},{"key":"Block Potion","floor":20},{"key":"ColorlessPotion","floor":23},{"key":"Strength Potion","floor":31},{"key":"DistilledChaos","floor":36},{"key":"AttackPotion","floor":41},{"key":"ColorlessPotion","floor":44},{"key":"Strength Potion","floor":46},{"key":"FearPotion","floor":47},{"key":"SneckoOil","floor":48}],"relics_obtained":[{"key":"StoneCalendar","floor":7},{"key":"Toxic Egg 2","floor":9},{"key":"Bag of Preparation","floor":13},{"key":"Pen Nib","floor":23},{"key":"Mummified Hand","floor":25},{"key":"Bottled Tornado","floor":26},{"key":"TungstenRod","floor":27},{"key":"Singing Bowl","floor":41},{"key":"Ice Cream","floor":42},{"key":"White Beast Statue","floor":43},{"key":"Lizard Tail","floor":44},{"key":"Blood Vial","floor":46},{"key":"Gremlin Horn","floor":48}],"campfire_choices":[{"floor":6,"key":"SMITH","data":"Echo Form"},{"floor":12,"key":"SMITH","data":"Defragment"},{"floor":15,"key":"SMITH","data":"Electrodynamics"},{"floor":24,"key":"REST"},{"floor":30,"key":"REST"},{"floor":32,"key":"RECALL"},{"floor":40,"key":"REST"},{"floor":45,"key":"REST"},{"floor":49,"key":"REST"}],"circlet_count":0,"win_rate":0,"killed_by":null}