{"play_id":"cf64d661-b910-47f9-842b-600a15ef68fa","build_version":"2020-01-27","seed_played":"8799317904726877300","chose_seed":false,"seed_source_timestamp":0,"is_daily":false,"special_seed":0,"is_trial":false,"is_endless":false,"is_ascension_mode":true,"ascension_level":12,"neow_bonus":"THREE_ENEMY_KILL","neow_cost":"NONE","is_beta":false,"is_prod":false,"victory":false,"floor_reached":16,"score":150,"timestamp":1706927666,"local_time":"02/03/2024 02:34:26","playtime":623,"player_experience":509866,"master_deck":["AscendersBane","Strike_B","Strike_B","Strike_B","Defend_B","Defend_B","Defend_B","Defend_B","Zap+1","Dualcast","Glacier","Reinforced Body","Gash","Consume+1","Streamline","Fission"],"relics":["Cracked Core","NeowsBlessing","Toy Ornithopter","Bag of Marbles","Oddly Smooth Stone"],"gold":72,"campfire_rested":0,"campfire_upgraded":2,"purchased_purges":0,"potions_floor_spawned":[3,10,13],"potions_floor_usage":[10,10,13,16],"current_hp_per_floor":[68,68,68,68,43,68,68,68,68,58,58,52,46,40,40,0],"max_hp_per_floor":[75,75,75,75,75,75,75,75,75,75,75,75,75,75,75,75],"gold_per_floor":[116,116,126,144,144,144,144,144,167,187,32,42,58,72,72,72],"path_per_floor":["M","?","M","M","?","?","R","?","T","M","$","M","M","M","R","B"],"path_taken":["M","?","M","M","?","?","R","?","T","M","$","?","M","?","R","BOSS"],"items_purchased":["Oddly Smooth Stone"],"item_purchase_floors":[11],"items_purged":[],"items_purged_floors":[],"character_chosen":"DEFECT","card_choices":[{"picked":"Glacier","not_picked":["Steam","Conserve Battery"],"floor":1},{"picked":"Gash","not_picked":["Streamline","Coolheaded"],"floor":3},{"picked":"Consume","not_picked":["White Noise","Stack"],"floor":4},{"picked":"Streamline","not_picked":["Stack","Go for the Eyes"],"floor":10},{"picked":"SKIP","not_picked":["Beam Cell","Redo","Storm"],"floor":12},{"picked":"Fission","not_picked":["Compile Driver","Sweeping Beam"],"floor":13},{"picked":"SKIP","not_picked":["Leap","Beam Cell","Hologram"],"floor":14}],"event_choices":[{"event_name":"Living Wall","player_choice":"Change","floor":2,"cards_obtained":["Reinforced Body"],"cards_removed":null,"cards_transformed":["Strike_B"],"cards_upgraded":null,"relics_obtained":null,"potions_obtained":null,"relics_lost":null,"damage_taken":0,"damage_healed":0,"max_hp_loss":0,"max_hp_gain":0,"gold_gain":0,"gold_loss":0},{"event_name":"Scrap Ooze","player_choice":"Success","floor":5,"cards_obtained":null,"cards_removed":null,"cards_transformed":null,"cards_upgraded":null,"relics_obtained":["Toy Ornithopter"],"potions_obtained":null,"relics_lost":null,"damage_taken":25,"damage_healed":0,"max_hp_loss":0,"max_hp_gain":0,"gold_gain":0,"gold_loss":0},{"event_name":"Big Fish","player_choice":"Banana","floor":6,"cards_obtained":null,"cards_removed":null,"cards_transformed":null,"cards_upgraded":null,"relics_obtained":null,"potions_obtained":null,"relics_lost":null,"damage_taken":0,"damage_healed":25,"max_hp_loss":0,"max_hp_gain":0,"gold_gain":0,"gold_loss":0},{"event_name":"Lab","player_choice":"Got Potions","floor":8,"cards_obtained":null,"cards_removed":null,"cards_transformed":null,"cards_upgraded":null,"relics_obtained":null,"potions_obtained":null,"relics_lost":null,"damage_taken":0,"damage_healed":0,"max_hp_loss":0,"max_hp_gain":0,"gold_gain":0,"gold_loss":0}],"boss_relics":[],"damage_taken":[{"floor":1,"enemies":"Small Slimes","damage":0,"turns":1},{"floor":3,"enemies":"2 Louse","damage":0,"turns":1},{"floor":4,"enemies":"Cultist","damage":0,"turns":1},{"floor":10,"enemies":"Lots of Slimes","damage":20,"turns":5},{"floor":12,"enemies":"Exordium Wildlife","damage":6,"turns":2},{"floor":13,"enemies":"Exordium Thugs","damage":11,"turns":6},{"floor":14,"enemies":"Large Slime","damage":6,"turns":7},{"floor":16,"enemies":"Hexaghost","damage":49,"turns":15}],"potions_obtained":[{"key":"ColorlessPotion","floor":3},{"key":"EntropicBrew","floor":8},{"key":"EssenceOfSteel","floor":13}],"relics_obtained":[{"key":"Bag of Marbles","floor":9}],"campfire_choices":[{"floor":7,"key":"SMITH","data":"Zap"},{"floor":15,"key":"SMITH","data":"Consume"}],"circlet_count":0,"win_rate":0,"killed_by":"Hexaghost"}