{"play_id":"54d589aa-bcf0-487a-937e-a5b7fd717e73","build_version":"2020-01-27","seed_played":"-6244002908227644416","chose_seed":false,"seed_source_timestamp":6187865101951,"is_daily":false,"special_seed":null,"is_trial":false,"is_endless":false,"is_ascension_mode":true,"ascension_level":12,"neow_bonus":"RANDOM_COLORLESS_2","neow_cost":"CURSE","is_beta":false,"is_prod":false,"victory":false,"floor_reached":16,"score":163,"timestamp":1706982629,"local_time":"02/03/2024 17:50:29","playtime":497,"player_experience":510489,"master_deck":["AscendersBane","Strike_B","Strike_B","Strike_B","Strike_B","Defend_B","Defend_B","Defend_B","Defend_B","Zap+1","Dualcast+1","Regret","Violence","Scrape","Steam","Flash of Steel","Gash","Beam Cell+1","Streamline","Defragment"],"relics":["Cracked Core","Golden Idol","Toy Ornithopter","Centennial Puzzle","TungstenRod","Nunchaku"],"gold":239,"campfire_rested":0,"campfire_upgraded":3,"purchased_purges":0,"potions_floor_spawned":[7,10,12],"potions_floor_usage":[13],"current_hp_per_floor":[57,57,47,47,38,38,14,14,14,14,14,14,12,12,12,0],"max_hp_per_floor":[75,69,69,69,69,69,69,69,69,69,69,69,69,69,69,69],"gold_per_floor":[110,110,124,32,51,51,95,95,140,158,188,202,216,239,239,239],"path_per_floor":["M","?","M","$","M","R","E","R","T","M","?","M","M","T","R","B"],"path_taken":["M","?","M","$","M","R","E","R","T","M","?","M","M","?","R","BOSS"],"items_purchased":["Flash of Steel"],"item_purchase_floors":[4],"items_purged":[],"items_purged_floors":[],"character_chosen":"DEFECT","card_choices":[{"picked":"Violence","not_picked":["Magnetism","Mayhem"],"floor":0},{"picked":"Scrape","not_picked":["Cold Snap","Redo"],"floor":1},{"picked":"Steam","not_picked":["Turbo","Consume"],"floor":3},{"picked":"Gash","not_picked":["Genetic Algorithm","Go for the Eyes"],"floor":5},{"picked":"Beam Cell","not_picked":["Redo","Coolheaded"],"floor":7},{"picked":"Streamline","not_picked":["Coolheaded","Barrage"],"floor":10},{"picked":"SKIP","not_picked":["Hello World","Hologram","Streamline"],"floor":12},{"picked":"Defragment","not_picked":["Reprogram","Streamline"],"floor":13}],"event_choices":[{"event_name":"Golden Idol","player_choice":"Lose Max HP","floor":2,"cards_obtained":null,"cards_removed":null,"cards_transformed":null,"cards_upgraded":null,"relics_obtained":["Golden Idol"],"potions_obtained":null,"relics_lost":null,"damage_taken":0,"damage_healed":0,"max_hp_loss":6,"max_hp_gain":0,"gold_gain":0,"gold_loss":0},{"event_name":"Dead Adventurer","player_choice":"Searched '2' times","floor":11,"cards_obtained":null,"cards_removed":null,"cards_transformed":null,"cards_upgraded":null,"relics_obtained":["TungstenRod"],"potions_obtained":null,"relics_lost":null,"damage_taken":0,"damage_healed":0,"max_hp_loss":0,"max_hp_gain":0,"gold_gain":30,"gold_loss":0}],"boss_relics":[],"damage_taken":[{"floor":1,"enemies":"Small Slimes","damage":11,"turns":3},{"floor":3,"enemies":"2 Louse","damage":10,"turns":4},{"floor":5,"enemies":"Jaw Worm","damage":9,"turns":3},{"floor":7,"enemies":"3 Sentries","damage":24,"turns":9},{"floor":10,"enemies":"3 Louse","damage":0,"turns":3},{"floor":12,"enemies":"Blue Slaver","damage":0,"turns":2},{"floor":13,"enemies":"Lots of Slimes","damage":7,"turns":3},{"floor":16,"enemies":"Slime Boss","damage":15,"turns":5}],"potions_obtained":[{"key":"LiquidBronze","floor":7},{"key":"FairyPotion","floor":10},{"key":"FearPotion","floor":12}],"relics_obtained":[{"key":"Toy Ornithopter","floor":7},{"key":"Centennial Puzzle","floor":9},{"key":"Nunchaku","floor":14}],"campfire_choices":[{"floor":6,"key":"SMITH","data":"Zap"},{"floor":8,"key":"SMITH","data":"Dualcast"},{"floor":15,"key":"SMITH","data":"Beam Cell"}],"circlet_count":0,"win_rate":0,"killed_by":"Slime Boss"}