{"play_id":"c2b3c3aa-92d2-4e76-906d-6d95972075d9","build_version":"2020-01-27","seed_played":"-1248342150316751421","chose_seed":false,"seed_source_timestamp":2513633030881,"is_daily":false,"special_seed":null,"is_trial":false,"is_endless":false,"is_ascension_mode":true,"ascension_level":12,"neow_bonus":"THREE_RARE_CARDS","neow_cost":"PERCENT_DAMAGE","is_beta":false,"is_prod":false,"victory":false,"floor_reached":7,"score":59,"timestamp":1706197728,"local_time":"01/25/2024 15:48:48","playtime":182,"player_experience":507043,"master_deck":["AscendersBane","Strike_B","Strike_B","Strike_B","Defend_B","Defend_B","Defend_B","Zap","Dualcast","Buffer+1","Conserve Battery"],"relics":["Cracked Core","Golden Idol"],"gold":68,"campfire_rested":0,"campfire_upgraded":1,"purchased_purges":0,"potions_floor_spawned":[],"potions_floor_usage":[],"current_hp_per_floor":[48,48,41,41,23,23,0],"max_hp_per_floor":[75,75,75,75,75,75,75],"gold_per_floor":[118,68,68,68,68,68,68],"path_per_floor":["M","?","?","$","?","R","E"],"path_taken":["M","?","?","?","?","R","E"],"items_purchased":[],"item_purchase_floors":[],"items_purged":[],"items_purged_floors":[],"character_chosen":"DEFECT","card_choices":[{"picked":"Buffer","not_picked":["Seek","Echo Form"],"floor":0},{"picked":"Conserve Battery","not_picked":["Hologram","Go for the Eyes"],"floor":1}],"event_choices":[{"event_name":"The Cleric","player_choice":"Card Removal","floor":2,"cards_obtained":null,"cards_removed":["Defend_B"],"cards_transformed":null,"cards_upgraded":null,"relics_obtained":null,"potions_obtained":null,"relics_lost":null,"damage_taken":0,"damage_healed":0,"max_hp_loss":0,"max_hp_gain":0,"gold_gain":0,"gold_loss":50},{"event_name":"Golden Wing","player_choice":"Card Removal","floor":3,"cards_obtained":null,"cards_removed":["Strike_B"],"cards_transformed":null,"cards_upgraded":null,"relics_obtained":null,"potions_obtained":null,"relics_lost":null,"damage_taken":7,"damage_healed":0,"max_hp_loss":0,"max_hp_gain":0,"gold_gain":0,"gold_loss":0},{"event_name":"Golden Idol","player_choice":"Take Damage","floor":5,"cards_obtained":null,"cards_removed":null,"cards_transformed":null,"cards_upgraded":null,"relics_obtained":["Golden Idol"],"potions_obtained":null,"relics_lost":null,"damage_taken":18,"damage_healed":0,"max_hp_loss":0,"max_hp_gain":0,"gold_gain":0,"gold_loss":0}],"boss_relics":[],"damage_taken":[{"floor":1,"enemies":"2 Louse","damage":2,"turns":3},{"floor":7,"enemies":"3 Sentries","damage":26,"turns":7}],"potions_obtained":[],"relics_obtained":[],"campfire_choices":[{"floor":6,"key":"SMITH","data":"Buffer"}],"circlet_count":0,"win_rate":0,"killed_by":"3 Sentries"}