{"play_id":"b5c9aaf1-911e-451e-93c2-7a206d4805b8","build_version":"2020-01-27","seed_played":"-4606735020104340923","chose_seed":false,"seed_source_timestamp":0,"is_daily":false,"special_seed":0,"is_trial":false,"is_endless":false,"is_ascension_mode":true,"ascension_level":12,"neow_bonus":"TEN_PERCENT_HP_BONUS","neow_cost":"NONE","is_beta":false,"is_prod":false,"victory":false,"floor_reached":25,"score":391,"timestamp":1706130420,"local_time":"01/24/2024 21:07:00","playtime":814,"player_experience":506229,"master_deck":["AscendersBane","Strike_B","Strike_B","Strike_B","Defend_B","Defend_B","Defend_B","Zap+1","Dualcast+1","Coolheaded","Streamline+1","Cold Snap","Self Repair","Steam","Rainbow+1","Hologram","Hologram","Biased Cognition+1","CurseOfTheBell","Darkness","Barrage","Amplify","Self Repair"],"relics":["Cracked Core","Anchor","Blue Candle","Bag of Marbles","Calling Bell","Oddly Smooth Stone","Meat on the Bone","Turnip","Pear","Shuriken"],"gold":85,"campfire_rested":0,"campfire_upgraded":4,"purchased_purges":0,"potions_floor_spawned":[1,5,8,13],"potions_floor_usage":[25],"current_hp_per_floor":[68,65,65,65,61,43,43,24,24,24,24,22,29,56,56,38,71,71,71,71,65,75,54,54,0],"max_hp_per_floor":[82,82,82,82,82,82,82,82,82,82,82,82,82,82,82,82,82,82,82,82,82,92,92,92,92],"gold_per_floor":[115,115,66,83,100,131,131,158,158,158,158,173,189,189,189,293,293,308,308,308,294,56,85,85,85],"path_per_floor":["M","?","$","M","M","E","R","E","T","?","R","M","M","?","R","B","ul","M","?","?","M","$","E","R","E"],"path_taken":["M","?","$","M","M","E","R","E","T","?","R","M","?","?","R","BOSS","M","?","?","M","?","E","R","E"],"items_purchased":["Streamline","Pear"],"item_purchase_floors":[3,22],"items_purged":[],"items_purged_floors":[],"character_chosen":"DEFECT","card_choices":[{"picked":"Coolheaded","not_picked":["Go for the Eyes","Beam Cell"],"floor":1},{"picked":"Cold Snap","not_picked":["Steam","Hologram"],"floor":4},{"picked":"Self Repair","not_picked":["Capacitor","Go for the Eyes"],"floor":5},{"picked":"Steam","not_picked":["Steam Power","Darkness"],"floor":6},{"picked":"Rainbow","not_picked":["Recycle","Blizzard"],"floor":8},{"picked":"Hologram","not_picked":["Gash","Auto Shields"],"floor":12},{"picked":"Hologram","not_picked":["Cold Snap","Steam"],"floor":13},{"picked":"Biased Cognition","not_picked":["Rainbow","Hyperbeam"],"floor":16},{"picked":"Darkness","not_picked":["Lockon","Auto Shields"],"floor":18},{"picked":"Self Repair","not_picked":["Conserve Battery","FTL"],"floor":21},{"picked":"SKIP","not_picked":["Barrage","Turbo","Chaos"],"floor":23}],"event_choices":[{"event_name":"Scrap Ooze","player_choice":"Fled","floor":2,"cards_obtained":null,"cards_removed":null,"cards_transformed":null,"cards_upgraded":null,"relics_obtained":null,"potions_obtained":null,"relics_lost":null,"damage_taken":3,"damage_healed":0,"max_hp_loss":0,"max_hp_gain":0,"gold_gain":0,"gold_loss":0},{"event_name":"Upgrade Shrine","player_choice":"Upgraded","floor":10,"cards_obtained":null,"cards_removed":null,"cards_transformed":null,"cards_upgraded":["Zap"],"relics_obtained":null,"potions_obtained":null,"relics_lost":null,"damage_taken":0,"damage_healed":0,"max_hp_loss":0,"max_hp_gain":0,"gold_gain":0,"gold_loss":0},{"event_name":"Big Fish","player_choice":"Banana","floor":14,"cards_obtained":null,"cards_removed":null,"cards_transformed":null,"cards_upgraded":null,"relics_obtained":null,"potions_obtained":null,"relics_lost":null,"damage_taken":0,"damage_healed":27,"max_hp_loss":0,"max_hp_gain":0,"gold_gain":0,"gold_loss":0},{"event_name":"Drug Dealer","player_choice":"Became Test Subject","floor":19,"cards_obtained":["Barrage","Amplify"],"cards_removed":null,"cards_transformed":["Strike_B","Defend_B"],"cards_upgraded":null,"relics_obtained":null,"potions_obtained":null,"relics_lost":null,"damage_taken":0,"damage_healed":0,"max_hp_loss":0,"max_hp_gain":0,"gold_gain":0,"gold_loss":0},{"event_name":"Ghosts","player_choice":"Ignored","floor":20,"cards_obtained":null,"cards_removed":null,"cards_transformed":null,"cards_upgraded":null,"relics_obtained":null,"potions_obtained":null,"relics_lost":null,"damage_taken":0,"damage_healed":0,"max_hp_loss":0,"max_hp_gain":0,"gold_gain":0,"gold_loss":0}],"boss_relics":[{"picked":"Calling Bell","not_picked":["Runic Dome","FrozenCore"]}],"damage_taken":[{"floor":1,"enemies":"Jaw Worm","damage":7,"turns":3},{"floor":4,"enemies":"2 Louse","damage":0,"turns":3},{"floor":5,"enemies":"Cultist","damage":4,"turns":3},{"floor":6,"enemies":"Lagavulin","damage":25,"turns":8},{"floor":8,"enemies":"Gremlin Nob","damage":26,"turns":4},{"floor":12,"enemies":"Large Slime","damage":9,"turns":5},{"floor":13,"enemies":"3 Louse","damage":0,"turns":3},{"floor":16,"enemies":"Slime Boss","damage":25,"turns":9},{"floor":18,"enemies":"Chosen","damage":0,"turns":3},{"floor":21,"enemies":"2 Thieves","damage":13,"turns":4},{"floor":23,"enemies":"Book of Stabbing","damage":47,"turns":5},{"floor":25,"enemies":"Gremlin Leader","damage":61,"turns":4}],"potions_obtained":[{"key":"Fire Potion","floor":1},{"key":"FairyPotion","floor":5},{"key":"Ancient Potion","floor":8},{"key":"FocusPotion","floor":13}],"relics_obtained":[{"key":"Anchor","floor":6},{"key":"Blue Candle","floor":8},{"key":"Bag of Marbles","floor":9},{"key":"Oddly Smooth Stone","floor":17},{"key":"Meat on the Bone","floor":17},{"key":"Turnip","floor":17},{"key":"Shuriken","floor":23}],"campfire_choices":[{"floor":7,"key":"SMITH","data":"Streamline"},{"floor":11,"key":"SMITH","data":"Dualcast"},{"floor":15,"key":"SMITH","data":"Rainbow"},{"floor":24,"key":"SMITH","data":"Biased Cognition"}],"circlet_count":0,"win_rate":0,"killed_by":"Gremlin Leader"}