{"play_id":"d4e634a8-3c51-4806-a1dd-c337bd9ae5f3","build_version":"2020-01-27","seed_played":"-895943459442172454","chose_seed":false,"seed_source_timestamp":2643003953648,"is_daily":false,"special_seed":null,"is_trial":false,"is_endless":false,"is_ascension_mode":true,"ascension_level":12,"neow_bonus":"THREE_ENEMY_KILL","neow_cost":"NONE","is_beta":false,"is_prod":false,"victory":false,"floor_reached":33,"score":509,"timestamp":1707716632,"local_time":"02/12/2024 05:43:52","playtime":1771,"player_experience":521612,"master_deck":["AscendersBane","Strike_B+1","Defend_B","Zap+1","Dualcast+1","Conserve Battery","Cold Snap","Swift Strike","Beam Cell+1","Beam Cell","Defragment","Gash","Scrape+1","All For One","Genetic Algorithm","Scrape+1","Gash","Melter","Defragment"],"relics":["Cracked Core","NeowsBlessing","MealTicket","Anchor","Mercury Hourglass","Busted Crown","Mummified Hand","Pen Nib","Bottled Tornado"],"gold":111,"campfire_rested":2,"campfire_upgraded":4,"purchased_purges":1,"potions_floor_spawned":[7,8,12,14,18,24,27],"potions_floor_usage":[14,24,31,33],"current_hp_per_floor":[68,53,53,53,71,71,71,71,71,71,71,71,75,62,62,50,69,69,75,69,69,69,63,29,51,51,51,51,51,51,32,54,0],"max_hp_per_floor":[75,75,75,75,75,75,75,75,75,75,75,75,75,75,75,75,75,75,75,75,75,75,75,75,75,75,75,75,75,75,75,75,75],"gold_per_floor":[112,112,129,36,1,1,32,51,97,97,110,123,17,51,51,150,150,163,88,103,103,103,119,145,145,145,158,83,83,83,111,111,111],"path_per_floor":["M","?","M","$","?","R","E","M","T","R","M","M","$","E","R","B",null,"M","$","M","?","?","M","E","R","T","M","?","R","?","E","R","B"],"path_taken":["M","?","M","$","?","R","E","?","T","R","M","M","?","E","R","BOSS","M","$","M","?","?","M","E","R","T","?","?","R","?","E","R","BOSS"],"items_purchased":["Swift Strike","Defragment","Gash"],"item_purchase_floors":[4,13,13],"items_purged":["Strike_B"],"items_purged_floors":[19],"character_chosen":"DEFECT","card_choices":[{"picked":"Conserve Battery","not_picked":["White Noise","Stack"],"floor":1},{"picked":"Cold Snap","not_picked":["FTL","Rebound"],"floor":3},{"picked":"SKIP","not_picked":["Stack","White Noise","Redo"],"floor":7},{"picked":"Beam Cell","not_picked":["Static Discharge","Self Repair"],"floor":8},{"picked":"Beam Cell","not_picked":["Barrage","Blizzard"],"floor":11},{"picked":"SKIP","not_picked":["Hyperbeam","Hologram","Beam Cell"],"floor":12},{"picked":"Scrape","not_picked":["White Noise","Beam Cell"],"floor":14},{"picked":"All For One","not_picked":["Multi-Cast","Thunder Strike"],"floor":16},{"picked":"Genetic Algorithm","not_picked":[],"floor":18},{"picked":"SKIP","not_picked":["Coolheaded"],"floor":20},{"picked":"Scrape","not_picked":[],"floor":23},{"picked":"SKIP","not_picked":["Redo"],"floor":24},{"picked":"Gash","not_picked":[],"floor":27},{"picked":"SKIP","not_picked":["Compile Driver+1"],"floor":31}],"event_choices":[{"event_name":"Shining Light","player_choice":"Entered Light","floor":2,"cards_obtained":null,"cards_removed":null,"cards_transformed":null,"cards_upgraded":["Strike_B","Zap"],"relics_obtained":null,"potions_obtained":null,"relics_lost":null,"damage_taken":15,"damage_healed":0,"max_hp_loss":0,"max_hp_gain":0,"gold_gain":0,"gold_loss":0},{"event_name":"The Cleric","player_choice":"Healed","floor":5,"cards_obtained":null,"cards_removed":null,"cards_transformed":null,"cards_upgraded":null,"relics_obtained":null,"potions_obtained":null,"relics_lost":null,"damage_taken":0,"damage_healed":18,"max_hp_loss":0,"max_hp_gain":0,"gold_gain":0,"gold_loss":35},{"event_name":"Back to Basics","player_choice":"Elegance","floor":21,"cards_obtained":null,"cards_removed":["Defend_B"],"cards_transformed":null,"cards_upgraded":null,"relics_obtained":null,"potions_obtained":null,"relics_lost":null,"damage_taken":0,"damage_healed":0,"max_hp_loss":0,"max_hp_gain":0,"gold_gain":0,"gold_loss":0},{"event_name":"Bonfire Elementals","player_choice":"Offered Basic","floor":22,"cards_obtained":null,"cards_removed":["Strike_B"],"cards_transformed":null,"cards_upgraded":null,"relics_obtained":null,"potions_obtained":null,"relics_lost":null,"damage_taken":0,"damage_healed":0,"max_hp_loss":0,"max_hp_gain":0,"gold_gain":0,"gold_loss":0},{"event_name":"Beggar","player_choice":"Gave Gold","floor":28,"cards_obtained":null,"cards_removed":["Strike_B"],"cards_transformed":null,"cards_upgraded":null,"relics_obtained":null,"potions_obtained":null,"relics_lost":null,"damage_taken":0,"damage_healed":0,"max_hp_loss":0,"max_hp_gain":0,"gold_gain":0,"gold_loss":75},{"event_name":"Drug Dealer","player_choice":"Became Test Subject","floor":30,"cards_obtained":["Melter","Defragment"],"cards_removed":null,"cards_transformed":["Defend_B","Defend_B"],"cards_upgraded":null,"relics_obtained":null,"potions_obtained":null,"relics_lost":null,"damage_taken":0,"damage_healed":0,"max_hp_loss":0,"max_hp_gain":0,"gold_gain":0,"gold_loss":0}],"boss_relics":[{"picked":"Busted Crown","not_picked":["Velvet Choker","Philosopher's Stone"]}],"damage_taken":[{"floor":1,"enemies":"Jaw Worm","damage":0,"turns":1},{"floor":3,"enemies":"Cultist","damage":0,"turns":1},{"floor":7,"enemies":"3 Sentries","damage":0,"turns":1},{"floor":8,"enemies":"Small Slimes","damage":0,"turns":2},{"floor":11,"enemies":"Looter","damage":0,"turns":3},{"floor":12,"enemies":"3 Louse","damage":0,"turns":2},{"floor":14,"enemies":"Gremlin Nob","damage":13,"turns":3},{"floor":16,"enemies":"Slime Boss","damage":12,"turns":7},{"floor":18,"enemies":"Chosen","damage":0,"turns":2},{"floor":20,"enemies":"Spheric Guardian","damage":6,"turns":3},{"floor":23,"enemies":"Cultist and Chosen","damage":6,"turns":5},{"floor":24,"enemies":"Gremlin Leader","damage":34,"turns":5},{"floor":27,"enemies":"Chosen and Byrds","damage":0,"turns":4},{"floor":31,"enemies":"Slavers","damage":19,"turns":3},{"floor":33,"enemies":"Champ","damage":83,"turns":6}],"potions_obtained":[{"key":"EssenceOfSteel","floor":7},{"key":"GamblersBrew","floor":8},{"key":"Energy Potion","floor":14},{"key":"LiquidMemories","floor":24}],"relics_obtained":[{"key":"MealTicket","floor":7},{"key":"Anchor","floor":9},{"key":"Mercury Hourglass","floor":14},{"key":"Mummified Hand","floor":24},{"key":"Pen Nib","floor":26},{"key":"Bottled Tornado","floor":31}],"campfire_choices":[{"floor":6,"key":"SMITH","data":"Dualcast"},{"floor":10,"key":"SMITH","data":"Beam Cell"},{"floor":15,"key":"SMITH","data":"Scrape"},{"floor":25,"key":"REST"},{"floor":29,"key":"SMITH","data":"Scrape"},{"floor":32,"key":"REST"}],"circlet_count":0,"win_rate":0,"killed_by":"Champ"}