{"play_id":"3fee6595-5383-4715-99e4-e4fa7a20522a","build_version":"2020-01-27","seed_played":"5803563964567319795","chose_seed":false,"seed_source_timestamp":1031449371956,"is_daily":false,"special_seed":null,"is_trial":false,"is_endless":false,"is_ascension_mode":true,"ascension_level":12,"neow_bonus":"ONE_RANDOM_RARE_CARD","neow_cost":"NONE","is_beta":false,"is_prod":false,"victory":false,"floor_reached":16,"score":170,"timestamp":1707362134,"local_time":"02/08/2024 03:15:34","playtime":484,"player_experience":517110,"master_deck":["AscendersBane","Strike_B","Strike_B","Strike_B","Defend_B","Defend_B","Defend_B","Zap","Dualcast+1","Fission+1","Cold Snap","FTL","Electrodynamics","Ball Lightning"],"relics":["Cracked Core","Golden Idol","Lantern","MawBank","Centennial Puzzle"],"gold":304,"campfire_rested":1,"campfire_upgraded":2,"purchased_purges":1,"potions_floor_spawned":[7,12],"potions_floor_usage":[13,16],"current_hp_per_floor":[61,61,54,54,36,36,13,2,2,2,24,24,13,13,13,0],"max_hp_per_floor":[75,75,75,75,75,75,75,75,75,75,75,75,75,75,75,75],"gold_per_floor":[112,37,37,0,0,0,43,118,144,156,168,199,247,280,292,304],"path_per_floor":["M","$","?","$","?","R","E","?","T","?","R","M","E","M","R","B"],"path_taken":["M","$","?","?","?","R","E","?","T","?","R","M","E","M","R","BOSS"],"items_purchased":["FTL"],"item_purchase_floors":[4],"items_purged":["Defend_B"],"items_purged_floors":[2],"character_chosen":"DEFECT","card_choices":[{"picked":"Cold Snap","not_picked":["Rebound","Coolheaded"],"floor":1},{"picked":"Electrodynamics","not_picked":["Recycle","Chaos"],"floor":7},{"picked":"SKIP","not_picked":["Hello World","Hologram","Steam Power"],"floor":12},{"picked":"SKIP","not_picked":["Beam Cell","Double Energy","Rip and Tear"],"floor":13},{"picked":"Ball Lightning","not_picked":["Beam Cell","Redo"],"floor":14}],"event_choices":[{"event_name":"Golden Wing","player_choice":"Card Removal","floor":3,"cards_obtained":null,"cards_removed":["Strike_B"],"cards_transformed":null,"cards_upgraded":null,"relics_obtained":null,"potions_obtained":null,"relics_lost":null,"damage_taken":7,"damage_healed":0,"max_hp_loss":0,"max_hp_gain":0,"gold_gain":0,"gold_loss":0},{"event_name":"Golden Idol","player_choice":"Take Damage","floor":5,"cards_obtained":null,"cards_removed":null,"cards_transformed":null,"cards_upgraded":null,"relics_obtained":["Golden Idol"],"potions_obtained":null,"relics_lost":null,"damage_taken":18,"damage_healed":0,"max_hp_loss":0,"max_hp_gain":0,"gold_gain":0,"gold_loss":0},{"event_name":"World of Goop","player_choice":"Gather Gold","floor":8,"cards_obtained":null,"cards_removed":null,"cards_transformed":null,"cards_upgraded":null,"relics_obtained":null,"potions_obtained":null,"relics_lost":null,"damage_taken":11,"damage_healed":0,"max_hp_loss":0,"max_hp_gain":0,"gold_gain":75,"gold_loss":0},{"event_name":"Dead Adventurer","player_choice":"Searched '1' times","floor":10,"cards_obtained":null,"cards_removed":null,"cards_transformed":null,"cards_upgraded":null,"relics_obtained":null,"potions_obtained":null,"relics_lost":null,"damage_taken":0,"damage_healed":0,"max_hp_loss":0,"max_hp_gain":0,"gold_gain":0,"gold_loss":0}],"boss_relics":[],"damage_taken":[{"floor":1,"enemies":"Small Slimes","damage":7,"turns":3},{"floor":7,"enemies":"3 Sentries","damage":23,"turns":9},{"floor":12,"enemies":"Jaw Worm","damage":0,"turns":2},{"floor":13,"enemies":"Lagavulin","damage":11,"turns":5},{"floor":14,"enemies":"Cultist","damage":0,"turns":2},{"floor":16,"enemies":"The Guardian","damage":16,"turns":5}],"potions_obtained":[{"key":"LiquidMemories","floor":7},{"key":"Strength Potion","floor":12}],"relics_obtained":[{"key":"Lantern","floor":7},{"key":"MawBank","floor":9},{"key":"Centennial Puzzle","floor":13}],"campfire_choices":[{"floor":6,"key":"SMITH","data":"Fission"},{"floor":11,"key":"REST"},{"floor":15,"key":"SMITH","data":"Dualcast"}],"circlet_count":0,"win_rate":0,"killed_by":"The Guardian"}