{"play_id":"f3c16d37-99ae-4bb4-a123-ba4e7824bc2e","build_version":"2020-01-27","seed_played":"-6725020966211642023","chose_seed":false,"seed_source_timestamp":998335977522,"is_daily":false,"special_seed":null,"is_trial":false,"is_endless":false,"is_ascension_mode":true,"ascension_level":12,"neow_bonus":"TEN_PERCENT_HP_BONUS","neow_cost":"NONE","is_beta":false,"is_prod":false,"victory":false,"floor_reached":31,"score":411,"timestamp":1707355927,"local_time":"02/08/2024 01:32:07","playtime":796,"player_experience":516314,"master_deck":["AscendersBane","Defend_B","Zap+1","Dualcast+1","Lockon+1","Ball Lightning","Doom and Gloom","Glacier","Doom and Gloom","Ball Lightning","Capacitor","Electrodynamics+1","Reinforced Body+1","Consume+1","Steam+1","Lockon","Core Surge","Auto Shields","Reboot"],"relics":["Cracked Core","Ornamental Fan","Cables","Meat on the Bone","White Beast Statue","Golden Idol","Astrolabe","Runic Capacitor","Letter Opener"],"gold":114,"campfire_rested":0,"campfire_upgraded":4,"purchased_purges":1,"potions_floor_spawned":[1,7,11,12,14,16,18,25,27,29],"potions_floor_usage":[6,12,16,18,25,29,31],"current_hp_per_floor":[73,73,78,71,71,59,53,53,53,53,46,51,28,32,32,28,76,75,75,75,75,57,57,57,59,59,34,34,22,22,0],"max_hp_per_floor":[82,82,87,87,87,87,87,87,87,87,87,92,92,92,92,92,92,92,92,92,92,97,97,97,97,97,97,97,97,97,97],"gold_per_floor":[109,57,57,57,20,53,66,66,66,66,101,114,114,135,135,258,258,274,274,274,274,274,274,49,73,73,89,89,114,114,114],"path_per_floor":["M","$","?","?","$","E","M","T","T","R","E","M","?","M","R","B",null,"M","?","?","?","?","R","$","M","T","M","R","M","?","E"],"path_taken":["M","$","?","?","?","E","M","?","T","R","E","M","?","M","R","BOSS","M","?","?","?","?","R","$","M","T","?","R","M","?","E"],"items_purchased":["Ball Lightning","Doom and Gloom","Runic Capacitor"],"item_purchase_floors":[2,5,24],"items_purged":["Defend_B"],"items_purged_floors":[24],"character_chosen":"DEFECT","card_choices":[{"picked":"Lockon","not_picked":["Capacitor","Barrage"],"floor":1},{"picked":"Glacier","not_picked":["Biased Cognition","Static Discharge"],"floor":6},{"picked":"SKIP","not_picked":["Hologram","Steam","Compile Driver"],"floor":7},{"picked":"Doom and Gloom","not_picked":["Beam Cell","FTL"],"floor":11},{"picked":"Ball Lightning","not_picked":["Gash","Chaos"],"floor":12},{"picked":"Capacitor","not_picked":["Undo","Gash"],"floor":14},{"picked":"Electrodynamics","not_picked":["Creative AI","Machine Learning"],"floor":16},{"picked":"SKIP","not_picked":["Gash","Streamline","Cold Snap"],"floor":18},{"picked":"SKIP","not_picked":["Streamline","Beam Cell","Rip and Tear"],"floor":25},{"picked":"SKIP","not_picked":["Sweeping Beam","Steam","Reprogram"],"floor":27},{"picked":"Reboot","not_picked":["Lockon","Hologram"],"floor":29}],"event_choices":[{"event_name":"Big Fish","player_choice":"Donut","floor":3,"cards_obtained":null,"cards_removed":null,"cards_transformed":null,"cards_upgraded":null,"relics_obtained":null,"potions_obtained":null,"relics_lost":null,"damage_taken":0,"damage_healed":0,"max_hp_loss":0,"max_hp_gain":5,"gold_gain":0,"gold_loss":0},{"event_name":"Golden Wing","player_choice":"Card Removal","floor":4,"cards_obtained":null,"cards_removed":["Strike_B"],"cards_transformed":null,"cards_upgraded":null,"relics_obtained":null,"potions_obtained":null,"relics_lost":null,"damage_taken":7,"damage_healed":0,"max_hp_loss":0,"max_hp_gain":0,"gold_gain":0,"gold_loss":0},{"event_name":"Golden Idol","player_choice":"Take Damage","floor":13,"cards_obtained":null,"cards_removed":null,"cards_transformed":null,"cards_upgraded":null,"relics_obtained":["Golden Idol"],"potions_obtained":null,"relics_lost":null,"damage_taken":23,"damage_healed":0,"max_hp_loss":0,"max_hp_gain":0,"gold_gain":0,"gold_loss":0},{"event_name":"The Library","player_choice":"Read","floor":19,"cards_obtained":["Lockon"],"cards_removed":null,"cards_transformed":null,"cards_upgraded":null,"relics_obtained":null,"potions_obtained":null,"relics_lost":null,"damage_taken":0,"damage_healed":0,"max_hp_loss":0,"max_hp_gain":0,"gold_gain":0,"gold_loss":0},{"event_name":"Cursed Tome","player_choice":"Ignored","floor":20,"cards_obtained":null,"cards_removed":null,"cards_transformed":null,"cards_upgraded":null,"relics_obtained":null,"potions_obtained":null,"relics_lost":null,"damage_taken":0,"damage_healed":0,"max_hp_loss":0,"max_hp_gain":0,"gold_gain":0,"gold_loss":0},{"event_name":"Drug Dealer","player_choice":"Became Test Subject","floor":21,"cards_obtained":["Core Surge","Auto Shields"],"cards_removed":null,"cards_transformed":["Defend_B","Strike_B"],"cards_upgraded":null,"relics_obtained":null,"potions_obtained":null,"relics_lost":null,"damage_taken":0,"damage_healed":0,"max_hp_loss":0,"max_hp_gain":0,"gold_gain":0,"gold_loss":0},{"event_name":"Forgotten Altar","player_choice":"Shed Blood","floor":22,"cards_obtained":null,"cards_removed":null,"cards_transformed":null,"cards_upgraded":null,"relics_obtained":null,"potions_obtained":null,"relics_lost":null,"damage_taken":23,"damage_healed":0,"max_hp_loss":0,"max_hp_gain":5,"gold_gain":0,"gold_loss":0},{"event_name":"The Woman in Blue","player_choice":"Bought 0 Potions","floor":30,"cards_obtained":null,"cards_removed":null,"cards_transformed":null,"cards_upgraded":null,"relics_obtained":null,"potions_obtained":null,"relics_lost":null,"damage_taken":0,"damage_healed":0,"max_hp_loss":0,"max_hp_gain":0,"gold_gain":0,"gold_loss":0}],"boss_relics":[{"picked":"Astrolabe","not_picked":["Sozu","SacredBark"]}],"damage_taken":[{"floor":1,"enemies":"2 Louse","damage":2,"turns":3},{"floor":6,"enemies":"Gremlin Nob","damage":12,"turns":4},{"floor":7,"enemies":"Small Slimes","damage":6,"turns":3},{"floor":11,"enemies":"Lagavulin","damage":19,"turns":6},{"floor":12,"enemies":"Jaw Worm","damage":0,"turns":3},{"floor":14,"enemies":"3 Louse","damage":8,"turns":2},{"floor":16,"enemies":"Hexaghost","damage":16,"turns":8},{"floor":18,"enemies":"Shell Parasite","damage":1,"turns":4},{"floor":25,"enemies":"3 Byrds","damage":10,"turns":3},{"floor":27,"enemies":"Snake Plant","damage":37,"turns":3},{"floor":29,"enemies":"Shelled Parasite and Fungi","damage":24,"turns":4},{"floor":31,"enemies":"Slavers","damage":26,"turns":1}],"potions_obtained":[{"key":"Block Potion","floor":1},{"key":"Ancient Potion","floor":7},{"key":"Fruit Juice","floor":11},{"key":"SneckoOil","floor":12},{"key":"Energy Potion","floor":16},{"key":"Energy Potion","floor":18},{"key":"SteroidPotion","floor":25},{"key":"BlessingOfTheForge","floor":29}],"relics_obtained":[{"key":"Ornamental Fan","floor":6},{"key":"Cables","floor":8},{"key":"Meat on the Bone","floor":9},{"key":"White Beast Statue","floor":11},{"key":"Letter Opener","floor":26}],"campfire_choices":[{"floor":10,"key":"SMITH","data":"Dualcast"},{"floor":15,"key":"SMITH","data":"Lockon"},{"floor":23,"key":"SMITH","data":"Zap"},{"floor":28,"key":"SMITH","data":"Electrodynamics"}],"circlet_count":0,"win_rate":0,"killed_by":"Slavers"}