{"play_id":"f7401f14-f1f4-4ff9-a9d5-a572c85bccc2","build_version":"2020-01-27","seed_played":"7139397652483847575","chose_seed":false,"seed_source_timestamp":6751989994834,"is_daily":false,"special_seed":null,"is_trial":false,"is_endless":false,"is_ascension_mode":true,"ascension_level":12,"neow_bonus":"BOSS_RELIC","neow_cost":"NONE","is_beta":false,"is_prod":false,"victory":false,"floor_reached":33,"score":566,"timestamp":1707092304,"local_time":"02/05/2024 00:18:24","playtime":1655,"player_experience":510986,"master_deck":["AscendersBane","Strike_B+1","Strike_B","Defend_B","Defend_B","Zap+1","Dualcast+1","Lockon+1","Conserve Battery","Doom and Gloom+1","Ball Lightning","Darkness+1","Auto Shields","Undo","Seek","Double Energy+1","Writhe","Rainbow","Ball Lightning","Darkness+1","Lockon","Apotheosis","Amplify"],"relics":["SlaversCollar","Nunchaku","Gremlin Horn","Gambling Chip","Prayer Wheel","Pear","MawBank","Empty Cage","Runic Capacitor","Du-Vu Doll","The Courier","Blue Candle","Red Mask"],"gold":10,"campfire_rested":2,"campfire_upgraded":4,"purchased_purges":2,"potions_floor_spawned":[1,11,14,24,27],"potions_floor_usage":[13,16,27,27,29],"current_hp_per_floor":[62,62,62,62,75,75,41,41,41,33,38,21,15,6,6,1,64,43,43,43,21,21,46,37,37,37,13,6,6,6,6,31,0],"max_hp_per_floor":[75,75,75,75,75,75,75,75,75,75,85,85,85,85,85,85,85,85,85,85,85,85,85,85,85,85,85,85,85,85,85,85,85],"gold_per_floor":[117,144,38,38,3,3,35,35,35,52,82,82,114,140,152,269,281,312,99,99,111,11,11,30,30,102,130,156,156,10,10,10,10],"path_per_floor":["M","T","$","?","?","R","E","R","T","M","E","?","E","M","R","B",null,"M","$","?","M","$","R","M","R","T","E","?","M","$","?","R","B"],"path_taken":["M","?","$","?","?","R","E","R","T","M","E","?","E","M","R","BOSS","M","$","?","M","$","R","M","R","T","E","?","?","?","?","R","BOSS"],"items_purchased":["Conserve Battery","Doom and Gloom","Runic Capacitor","Apotheosis"],"item_purchase_floors":[3,3,19,30],"items_purged":["Strike_B","Strike_B"],"items_purged_floors":[19,22],"character_chosen":"DEFECT","card_choices":[{"picked":"Lockon","not_picked":["Aggregate","Barrage"],"floor":1},{"picked":"Ball Lightning","not_picked":["Recycle","Conserve Battery"],"floor":7},{"picked":"Darkness","not_picked":["Rebound","Sweeping Beam"],"floor":10},{"picked":"SKIP","not_picked":["Sweeping Beam","Cold Snap","Self Repair"],"floor":10},{"picked":"SKIP","not_picked":["Go for the Eyes","Self Repair","Hologram"],"floor":11},{"picked":"SKIP","not_picked":["Melter","Steam","Coolheaded"],"floor":13},{"picked":"Auto Shields","not_picked":["Steam Power","Coolheaded"],"floor":14},{"picked":"Undo","not_picked":["Turbo","Rebound"],"floor":14},{"picked":"Seek","not_picked":["Echo Form","Reboot"],"floor":16},{"picked":"Double Energy+1","not_picked":["Rebound","Force Field"],"floor":18},{"picked":"SKIP","not_picked":["Hologram","Sweeping Beam","Redo"],"floor":18},{"picked":"Rainbow","not_picked":["Storm","Coolheaded"],"floor":21},{"picked":"SKIP","not_picked":["Turbo+1","BootSequence","White Noise"],"floor":21},{"picked":"Ball Lightning","not_picked":["Steam Power","Force Field"],"floor":24},{"picked":"Darkness+1","not_picked":["Turbo","Leap"],"floor":24},{"picked":"Lockon","not_picked":["All For One","Skim"],"floor":27}],"event_choices":[{"event_name":"Big Fish","player_choice":"Box","floor":4,"cards_obtained":["Regret"],"cards_removed":null,"cards_transformed":null,"cards_upgraded":null,"relics_obtained":["Gremlin Horn"],"potions_obtained":null,"relics_lost":null,"damage_taken":0,"damage_healed":0,"max_hp_loss":0,"max_hp_gain":0,"gold_gain":0,"gold_loss":0},{"event_name":"The Cleric","player_choice":"Healed","floor":5,"cards_obtained":null,"cards_removed":null,"cards_transformed":null,"cards_upgraded":null,"relics_obtained":null,"potions_obtained":null,"relics_lost":null,"damage_taken":0,"damage_healed":18,"max_hp_loss":0,"max_hp_gain":0,"gold_gain":0,"gold_loss":35},{"event_name":"Shining Light","player_choice":"Entered Light","floor":12,"cards_obtained":null,"cards_removed":null,"cards_transformed":null,"cards_upgraded":["Darkness","Strike_B"],"relics_obtained":null,"potions_obtained":null,"relics_lost":null,"damage_taken":17,"damage_healed":0,"max_hp_loss":0,"max_hp_gain":0,"gold_gain":0,"gold_loss":0},{"event_name":"The Mausoleum","player_choice":"Opened","floor":20,"cards_obtained":["Writhe"],"cards_removed":null,"cards_transformed":null,"cards_upgraded":null,"relics_obtained":["Du-Vu Doll"],"potions_obtained":null,"relics_lost":null,"damage_taken":0,"damage_healed":0,"max_hp_loss":0,"max_hp_gain":0,"gold_gain":0,"gold_loss":0},{"event_name":"Masked Bandits","player_choice":"Fought Bandits","floor":28,"cards_obtained":null,"cards_removed":null,"cards_transformed":null,"cards_upgraded":null,"relics_obtained":null,"potions_obtained":null,"relics_lost":null,"damage_taken":0,"damage_healed":0,"max_hp_loss":0,"max_hp_gain":0,"gold_gain":0,"gold_loss":0},{"event_name":"Transmorgrifier","player_choice":"Transformed","floor":31,"cards_obtained":["Amplify"],"cards_removed":null,"cards_transformed":["Defend_B"],"cards_upgraded":null,"relics_obtained":null,"potions_obtained":null,"relics_lost":null,"damage_taken":0,"damage_healed":0,"max_hp_loss":0,"max_hp_gain":0,"gold_gain":0,"gold_loss":0}],"boss_relics":[{"picked":"Empty Cage","not_picked":["Busted Crown","Calling Bell"]}],"damage_taken":[{"floor":1,"enemies":"Cultist","damage":6,"turns":4},{"floor":7,"enemies":"Gremlin Nob","damage":34,"turns":4},{"floor":10,"enemies":"Small Slimes","damage":8,"turns":2},{"floor":11,"enemies":"3 Sentries","damage":5,"turns":4},{"floor":13,"enemies":"Lagavulin","damage":6,"turns":4},{"floor":14,"enemies":"2 Louse","damage":9,"turns":2},{"floor":16,"enemies":"The Guardian","damage":5,"turns":7},{"floor":18,"enemies":"Chosen","damage":21,"turns":5},{"floor":21,"enemies":"3 Byrds","damage":22,"turns":5},{"floor":24,"enemies":"Cultist and Chosen","damage":9,"turns":6},{"floor":27,"enemies":"Slavers","damage":24,"turns":6},{"floor":28,"enemies":"Masked Bandits","damage":7,"turns":3},{"floor":29,"enemies":"Snake Plant","damage":0,"turns":2},{"floor":33,"enemies":"Champ","damage":31,"turns":6}],"potions_obtained":[{"key":"Strength Potion","floor":1},{"key":"Swift Potion","floor":11},{"key":"PowerPotion","floor":14},{"key":"Block Potion","floor":24},{"key":"SmokeBomb","floor":27}],"relics_obtained":[{"key":"Nunchaku","floor":2},{"key":"Gambling Chip","floor":7},{"key":"Prayer Wheel","floor":9},{"key":"Pear","floor":11},{"key":"MawBank","floor":13},{"key":"The Courier","floor":26},{"key":"Blue Candle","floor":27},{"key":"Red Mask","floor":28}],"campfire_choices":[{"floor":6,"key":"SMITH","data":"Doom and Gloom"},{"floor":8,"key":"SMITH","data":"Lockon"},{"floor":15,"key":"SMITH","data":"Dualcast"},{"floor":23,"key":"REST"},{"floor":25,"key":"SMITH","data":"Zap"},{"floor":32,"key":"REST"}],"circlet_count":0,"win_rate":0,"killed_by":"Champ"}