{"play_id":"795b03e1-9933-498a-bd23-ce042b213c0c","build_version":"2020-01-27","seed_played":"-2328448222363524536","chose_seed":false,"seed_source_timestamp":1908316762077,"is_daily":false,"special_seed":null,"is_trial":false,"is_endless":false,"is_ascension_mode":true,"ascension_level":12,"neow_bonus":"TRANSFORM_TWO_CARDS","neow_cost":"NO_GOLD","is_beta":false,"is_prod":false,"victory":false,"floor_reached":6,"score":54,"timestamp":1707573229,"local_time":"02/10/2024 13:53:49","playtime":210,"player_experience":518005,"master_deck":["AscendersBane","Strike_B","Defend_B","Defend_B","Defend_B","Zap","Dualcast","Chill","Darkness","Streamline"],"relics":["Cracked Core","Golden Idol"],"gold":36,"campfire_rested":0,"campfire_upgraded":0,"purchased_purges":0,"potions_floor_spawned":[],"potions_floor_usage":[],"current_hp_per_floor":[60,42,42,42,35,0],"max_hp_per_floor":[75,75,75,75,75,75],"gold_per_floor":[12,12,12,12,36,36],"path_per_floor":["M","?","?","?","M","E"],"path_taken":["M","?","?","?","M","E"],"items_purchased":[],"item_purchase_floors":[],"items_purged":[],"items_purged_floors":[],"character_chosen":"DEFECT","card_choices":[{"picked":"Streamline","not_picked":["Force Field","Reprogram"],"floor":1},{"picked":"SKIP","not_picked":["Coolheaded","Steam","Barrage"],"floor":5}],"event_choices":[{"event_name":"Golden Idol","player_choice":"Take Damage","floor":2,"cards_obtained":null,"cards_removed":null,"cards_transformed":null,"cards_upgraded":null,"relics_obtained":["Golden Idol"],"potions_obtained":null,"relics_lost":null,"damage_taken":18,"damage_healed":0,"max_hp_loss":0,"max_hp_gain":0,"gold_gain":0,"gold_loss":0},{"event_name":"Living Wall","player_choice":"Forget","floor":3,"cards_obtained":null,"cards_removed":["Strike_B"],"cards_transformed":null,"cards_upgraded":null,"relics_obtained":null,"potions_obtained":null,"relics_lost":null,"damage_taken":0,"damage_healed":0,"max_hp_loss":0,"max_hp_gain":0,"gold_gain":0,"gold_loss":0},{"event_name":"Bonfire Elementals","player_choice":"Offered Basic","floor":4,"cards_obtained":null,"cards_removed":["Strike_B"],"cards_transformed":null,"cards_upgraded":null,"relics_obtained":null,"potions_obtained":null,"relics_lost":null,"damage_taken":0,"damage_healed":0,"max_hp_loss":0,"max_hp_gain":0,"gold_gain":0,"gold_loss":0}],"boss_relics":[],"damage_taken":[{"floor":1,"enemies":"2 Louse","damage":8,"turns":3},{"floor":5,"enemies":"Jaw Worm","damage":7,"turns":3},{"floor":6,"enemies":"3 Sentries","damage":38,"turns":8}],"potions_obtained":[],"relics_obtained":[],"campfire_choices":[],"circlet_count":0,"win_rate":0,"killed_by":"3 Sentries"}