{"play_id":"7c2596d2-a4f5-401e-ae2b-ff1f749ea63b","build_version":"2020-01-27","seed_played":"6085556329403175087","chose_seed":false,"seed_source_timestamp":2484659743880,"is_daily":false,"special_seed":null,"is_trial":false,"is_endless":false,"is_ascension_mode":true,"ascension_level":12,"neow_bonus":"TEN_PERCENT_HP_BONUS","neow_cost":"NONE","is_beta":false,"is_prod":false,"victory":false,"floor_reached":13,"score":149,"timestamp":1707684071,"local_time":"02/11/2024 20:41:11","playtime":649,"player_experience":520963,"master_deck":["AscendersBane","Strike_B","Strike_B","Strike_B","Defend_B","Defend_B","Defend_B","Zap","Dualcast+1","FTL","Beam Cell","Scrape","Electrodynamics","Go for the Eyes","Regret","Ball Lightning"],"relics":["Cracked Core","Toxic Egg 2","NlothsMask","PreservedInsect"],"gold":413,"campfire_rested":0,"campfire_upgraded":1,"purchased_purges":1,"potions_floor_spawned":[5,12],"potions_floor_usage":[12,13],"current_hp_per_floor":[73,73,73,73,65,47,47,33,33,33,33,1,0],"max_hp_per_floor":[82,82,82,82,82,82,82,82,82,82,82,82,82],"gold_per_floor":[117,42,42,57,67,95,95,111,111,111,386,413,413],"path_per_floor":["M","$","?","M","M","E","?","M","T","R","?","E","M"],"path_taken":["M","$","?","M","M","E","?","?","T","R","?","E","M"],"items_purchased":[],"item_purchase_floors":[],"items_purged":["Defend_B"],"items_purged_floors":[2],"character_chosen":"DEFECT","card_choices":[{"picked":"FTL","not_picked":["Leap","Coolheaded"],"floor":1},{"picked":"SKIP","not_picked":["Stack","Barrage","Leap"],"floor":4},{"picked":"Scrape","not_picked":["Auto Shields","Leap"],"floor":5},{"picked":"Electrodynamics","not_picked":["Blizzard","FTL"],"floor":6},{"picked":"Go for the Eyes","not_picked":["Static Discharge","Defragment"],"floor":8},{"picked":"Ball Lightning","not_picked":["Conserve Battery+1","BootSequence+1"],"floor":12}],"event_choices":[{"event_name":"Living Wall","player_choice":"Change","floor":3,"cards_obtained":["Beam Cell"],"cards_removed":null,"cards_transformed":["Strike_B"],"cards_upgraded":null,"relics_obtained":null,"potions_obtained":null,"relics_lost":null,"damage_taken":0,"damage_healed":0,"max_hp_loss":0,"max_hp_gain":0,"gold_gain":0,"gold_loss":0},{"event_name":"FaceTrader","player_choice":"Trade","floor":7,"cards_obtained":null,"cards_removed":null,"cards_transformed":null,"cards_upgraded":null,"relics_obtained":["NlothsMask"],"potions_obtained":null,"relics_lost":null,"damage_taken":0,"damage_healed":0,"max_hp_loss":0,"max_hp_gain":0,"gold_gain":0,"gold_loss":0},{"event_name":"Golden Shrine","player_choice":"Desecrate","floor":11,"cards_obtained":["Regret"],"cards_removed":null,"cards_transformed":null,"cards_upgraded":null,"relics_obtained":null,"potions_obtained":null,"relics_lost":null,"damage_taken":0,"damage_healed":0,"max_hp_loss":0,"max_hp_gain":0,"gold_gain":275,"gold_loss":0}],"boss_relics":[],"damage_taken":[{"floor":1,"enemies":"Jaw Worm","damage":2,"turns":3},{"floor":4,"enemies":"Cultist","damage":0,"turns":2},{"floor":5,"enemies":"2 Louse","damage":8,"turns":2},{"floor":6,"enemies":"Gremlin Nob","damage":18,"turns":3},{"floor":8,"enemies":"Red Slaver","damage":14,"turns":2},{"floor":12,"enemies":"Lagavulin","damage":32,"turns":4},{"floor":13,"enemies":"Exordium Thugs","damage":1,"turns":1}],"potions_obtained":[{"key":"DuplicationPotion","floor":5},{"key":"GamblersBrew","floor":12}],"relics_obtained":[{"key":"Toxic Egg 2","floor":6},{"key":"PreservedInsect","floor":12}],"campfire_choices":[{"floor":10,"key":"SMITH","data":"Dualcast"}],"circlet_count":0,"win_rate":0,"killed_by":"Exordium Thugs"}