{"play_id":"9a2c76cd-a2e2-46f8-997a-252da61d9b11","build_version":"2020-01-27","seed_played":"-2876359946339208252","chose_seed":false,"seed_source_timestamp":2072505946939,"is_daily":false,"special_seed":null,"is_trial":false,"is_endless":false,"is_ascension_mode":true,"ascension_level":12,"neow_bonus":"TEN_PERCENT_HP_BONUS","neow_cost":"NONE","is_beta":false,"is_prod":false,"victory":false,"floor_reached":12,"score":125,"timestamp":1707611128,"local_time":"02/11/2024 00:25:28","playtime":476,"player_experience":518488,"master_deck":["AscendersBane","Strike_B+1","Strike_B+1","Strike_B","Defend_B","Defend_B","Defend_B","Zap+1","Dualcast","Rebound","Gash","Fusion","Undo","Leap"],"relics":["Cracked Core","Whetstone","Smiling Mask"],"gold":160,"campfire_rested":0,"campfire_upgraded":1,"purchased_purges":0,"potions_floor_spawned":[1,10,11],"potions_floor_usage":[12],"current_hp_per_floor":[63,63,56,56,44,44,71,46,46,45,45,0],"max_hp_per_floor":[82,82,82,82,82,82,82,82,82,82,82,82],"gold_per_floor":[112,62,62,62,81,81,81,107,134,147,160,160],"path_per_floor":["M","?","?","?","M","R","?","E","T","M","M","E"],"path_taken":["M","?","?","?","M","R","?","E","T","M","M","E"],"items_purchased":[],"item_purchase_floors":[],"items_purged":[],"items_purged_floors":[],"character_chosen":"DEFECT","card_choices":[{"picked":"Defragment","not_picked":["Chill","Undo"],"floor":1},{"picked":"Gash","not_picked":["Hologram","Storm"],"floor":5},{"picked":"Fusion","not_picked":["Leap","Rebound"],"floor":8},{"picked":"Undo","not_picked":["Rebound","Fusion"],"floor":10},{"picked":"Leap","not_picked":["Sweeping Beam","Hello World"],"floor":11}],"event_choices":[{"event_name":"The Cleric","player_choice":"Card Removal","floor":2,"cards_obtained":null,"cards_removed":["Strike_B"],"cards_transformed":null,"cards_upgraded":null,"relics_obtained":null,"potions_obtained":null,"relics_lost":null,"damage_taken":0,"damage_healed":0,"max_hp_loss":0,"max_hp_gain":0,"gold_gain":0,"gold_loss":50},{"event_name":"Golden Wing","player_choice":"Card Removal","floor":3,"cards_obtained":null,"cards_removed":["Defend_B"],"cards_transformed":null,"cards_upgraded":null,"relics_obtained":null,"potions_obtained":null,"relics_lost":null,"damage_taken":7,"damage_healed":0,"max_hp_loss":0,"max_hp_gain":0,"gold_gain":0,"gold_loss":0},{"event_name":"Living Wall","player_choice":"Change","floor":4,"cards_obtained":["Rebound"],"cards_removed":null,"cards_transformed":["Defragment"],"cards_upgraded":null,"relics_obtained":null,"potions_obtained":null,"relics_lost":null,"damage_taken":0,"damage_healed":0,"max_hp_loss":0,"max_hp_gain":0,"gold_gain":0,"gold_loss":0},{"event_name":"Big Fish","player_choice":"Banana","floor":7,"cards_obtained":null,"cards_removed":null,"cards_transformed":null,"cards_upgraded":null,"relics_obtained":null,"potions_obtained":null,"relics_lost":null,"damage_taken":0,"damage_healed":27,"max_hp_loss":0,"max_hp_gain":0,"gold_gain":0,"gold_loss":0}],"boss_relics":[],"damage_taken":[{"floor":1,"enemies":"Small Slimes","damage":12,"turns":2},{"floor":5,"enemies":"Jaw Worm","damage":12,"turns":2},{"floor":8,"enemies":"Lagavulin","damage":25,"turns":7},{"floor":10,"enemies":"2 Louse","damage":1,"turns":2},{"floor":11,"enemies":"Looter","damage":0,"turns":2},{"floor":12,"enemies":"3 Sentries","damage":45,"turns":9}],"potions_obtained":[{"key":"ColorlessPotion","floor":1},{"key":"FearPotion","floor":10}],"relics_obtained":[{"key":"Whetstone","floor":8},{"key":"Smiling Mask","floor":9}],"campfire_choices":[{"floor":6,"key":"SMITH","data":"Zap"}],"circlet_count":0,"win_rate":0,"killed_by":"3 Sentries"}