{"play_id":"760ffe6b-057c-427d-abdb-0ae9467c87dd","build_version":"2020-01-27","seed_played":"208509069937609198","chose_seed":false,"seed_source_timestamp":939313056025,"is_daily":false,"special_seed":null,"is_trial":false,"is_endless":false,"is_ascension_mode":true,"ascension_level":12,"neow_bonus":"BOSS_RELIC","neow_cost":"NONE","is_beta":false,"is_prod":false,"victory":false,"floor_reached":11,"score":107,"timestamp":1707332871,"local_time":"02/07/2024 19:07:51","playtime":234,"player_experience":516080,"master_deck":["AscendersBane","Strike_B","Strike_B","Defend_B+1","Defend_B+1","Defend_B","Defend_B","Zap","Dualcast","Static Discharge","Gash","Gash"],"relics":["Fusion Hammer","Juzu Bracelet","Oddly Smooth Stone"],"gold":95,"campfire_rested":1,"campfire_upgraded":0,"purchased_purges":0,"potions_floor_spawned":[8],"potions_floor_usage":[11],"current_hp_per_floor":[60,60,45,45,38,60,60,16,16,16,0],"max_hp_per_floor":[75,75,75,75,75,75,75,75,75,75,75],"gold_per_floor":[113,63,63,11,11,11,11,42,65,95,95],"path_per_floor":["M","?","?","$","?","R","$","E","T","?","E"],"path_taken":["M","?","?","$","?","R","?","E","T","?","E"],"items_purchased":["Gash"],"item_purchase_floors":[4],"items_purged":[],"items_purged_floors":[],"character_chosen":"DEFECT","card_choices":[{"picked":"Static Discharge","not_picked":["Sweeping Beam","Barrage"],"floor":1},{"picked":"Gash","not_picked":["Stack","Amplify"],"floor":8}],"event_choices":[{"event_name":"The Cleric","player_choice":"Card Removal","floor":2,"cards_obtained":null,"cards_removed":["Strike_B"],"cards_transformed":null,"cards_upgraded":null,"relics_obtained":null,"potions_obtained":null,"relics_lost":null,"damage_taken":0,"damage_healed":0,"max_hp_loss":0,"max_hp_gain":0,"gold_gain":0,"gold_loss":50},{"event_name":"Shining Light","player_choice":"Entered Light","floor":3,"cards_obtained":null,"cards_removed":null,"cards_transformed":null,"cards_upgraded":["Defend_B","Defend_B"],"relics_obtained":null,"potions_obtained":null,"relics_lost":null,"damage_taken":15,"damage_healed":0,"max_hp_loss":0,"max_hp_gain":0,"gold_gain":0,"gold_loss":0},{"event_name":"Golden Wing","player_choice":"Card Removal","floor":5,"cards_obtained":null,"cards_removed":["Strike_B"],"cards_transformed":null,"cards_upgraded":null,"relics_obtained":null,"potions_obtained":null,"relics_lost":null,"damage_taken":7,"damage_healed":0,"max_hp_loss":0,"max_hp_gain":0,"gold_gain":0,"gold_loss":0},{"event_name":"Dead Adventurer","player_choice":"Searched '1' times","floor":10,"cards_obtained":null,"cards_removed":null,"cards_transformed":null,"cards_upgraded":null,"relics_obtained":null,"potions_obtained":null,"relics_lost":null,"damage_taken":0,"damage_healed":0,"max_hp_loss":0,"max_hp_gain":0,"gold_gain":30,"gold_loss":0}],"boss_relics":[],"damage_taken":[{"floor":1,"enemies":"2 Louse","damage":8,"turns":3},{"floor":8,"enemies":"Gremlin Nob","damage":44,"turns":5},{"floor":11,"enemies":"Lagavulin","damage":25,"turns":5}],"potions_obtained":[{"key":"DuplicationPotion","floor":8}],"relics_obtained":[{"key":"Juzu Bracelet","floor":8},{"key":"Oddly Smooth Stone","floor":9}],"campfire_choices":[{"floor":6,"key":"REST"}],"circlet_count":0,"win_rate":0,"killed_by":"Lagavulin"}