{"play_id":"1dd0bee0-f034-4dbf-a7ea-7bc891ad54c0","build_version":"2020-01-27","seed_played":"-4544380096789746300","chose_seed":false,"seed_source_timestamp":0,"is_daily":false,"special_seed":0,"is_trial":false,"is_endless":false,"is_ascension_mode":true,"ascension_level":12,"neow_bonus":"TWENTY_PERCENT_HP_BONUS","neow_cost":"NO_GOLD","is_beta":false,"is_prod":false,"victory":false,"floor_reached":10,"score":122,"timestamp":1707656478,"local_time":"02/11/2024 13:01:18","playtime":364,"player_experience":520599,"master_deck":["AscendersBane","Strike_B","Strike_B","Strike_B","Strike_B","Defend_B","Defend_B","Defend_B","Defend_B","Zap","Dualcast","Redo","Regret","Undo","Undo","Ball Lightning","Capacitor"],"relics":["Cracked Core","Golden Idol","Bottled Lightning","Unceasing Top","Bird Faced Urn","Ice Cream"],"gold":103,"campfire_rested":0,"campfire_upgraded":0,"purchased_purges":0,"potions_floor_spawned":[4,6],"potions_floor_usage":[6,8],"current_hp_per_floor":[70,70,70,70,70,58,56,29,29,0],"max_hp_per_floor":[89,82,82,82,82,82,82,82,82,82],"gold_per_floor":[20,20,295,320,6,49,63,103,103,103],"path_per_floor":["M","?","?","M","$","E","M","E","T","M"],"path_taken":["M","?","?","M","$","E","?","E","T","M"],"items_purchased":["Bottled Lightning","Undo"],"item_purchase_floors":[5,5],"items_purged":[],"items_purged_floors":[],"character_chosen":"DEFECT","card_choices":[{"picked":"Redo","not_picked":["Steam","Self Repair"],"floor":1},{"picked":"Undo","not_picked":["Doom and Gloom","Streamline"],"floor":4},{"picked":"Ball Lightning","not_picked":["Tempest","Reinforced Body"],"floor":6},{"picked":"SKIP","not_picked":["Go for the Eyes","Barrage","Reprogram"],"floor":7},{"picked":"Capacitor","not_picked":["Chill","Leap"],"floor":8}],"event_choices":[{"event_name":"Golden Idol","player_choice":"Lose Max HP","floor":2,"cards_obtained":null,"cards_removed":null,"cards_transformed":null,"cards_upgraded":null,"relics_obtained":["Golden Idol"],"potions_obtained":null,"relics_lost":null,"damage_taken":0,"damage_healed":0,"max_hp_loss":7,"max_hp_gain":0,"gold_gain":0,"gold_loss":0},{"event_name":"Golden Shrine","player_choice":"Desecrate","floor":3,"cards_obtained":["Regret"],"cards_removed":null,"cards_transformed":null,"cards_upgraded":null,"relics_obtained":null,"potions_obtained":null,"relics_lost":null,"damage_taken":0,"damage_healed":0,"max_hp_loss":0,"max_hp_gain":0,"gold_gain":275,"gold_loss":0}],"boss_relics":[],"damage_taken":[{"floor":1,"enemies":"Jaw Worm","damage":12,"turns":2},{"floor":4,"enemies":"Small Slimes","damage":0,"turns":3},{"floor":6,"enemies":"Gremlin Nob","damage":12,"turns":4},{"floor":7,"enemies":"Cultist","damage":2,"turns":4},{"floor":8,"enemies":"3 Sentries","damage":27,"turns":8},{"floor":10,"enemies":"Lots of Slimes","damage":34,"turns":2}],"potions_obtained":[{"key":"EssenceOfSteel","floor":4},{"key":"DuplicationPotion","floor":6}],"relics_obtained":[{"key":"Unceasing Top","floor":6},{"key":"Bird Faced Urn","floor":8},{"key":"Ice Cream","floor":9}],"campfire_choices":[],"circlet_count":0,"win_rate":0,"killed_by":"Lots of Slimes"}