{"play_id":"7fb388d9-b150-4765-b9c6-143a2a98646a","build_version":"2020-01-27","seed_played":"-8593567317299406271","chose_seed":false,"seed_source_timestamp":2098181623585,"is_daily":false,"special_seed":null,"is_trial":false,"is_endless":false,"is_ascension_mode":true,"ascension_level":12,"neow_bonus":"TEN_PERCENT_HP_BONUS","neow_cost":"NONE","is_beta":false,"is_prod":false,"victory":false,"floor_reached":23,"score":296,"timestamp":1707617507,"local_time":"02/11/2024 02:11:47","playtime":669,"player_experience":519930,"master_deck":["AscendersBane","Strike_B+1","Strike_B","Strike_B","Strike_B","Defend_B","Defend_B","Defend_B+1","Zap+1","Dualcast+1","Conserve Battery","Doom and Gloom","Buffer+1","Scrape","Steam"],"relics":["Cracked Core","Frozen Egg 2","Juzu Bracelet","White Beast Statue","Lantern","Art of War","SacredBark","Regal Pillow","ClockworkSouvenir"],"gold":39,"campfire_rested":1,"campfire_upgraded":2,"purchased_purges":1,"potions_floor_spawned":[7,12,16,18,19,22],"potions_floor_usage":[16,16,18,22,23,23],"current_hp_per_floor":[75,75,75,64,48,48,10,3,3,3,27,20,20,82,82,80,82,82,67,67,67,55,0],"max_hp_per_floor":[82,82,82,82,82,82,82,82,82,82,82,82,82,82,82,82,82,82,82,82,82,82,82],"gold_per_floor":[109,34,34,109,109,109,141,141,164,96,96,115,47,47,47,149,149,159,175,175,20,39,39],"path_per_floor":["M","$","T","?","?","R","E","?","T","?","R","M","$","?","R","B",null,"M","M","T","$","M","E"],"path_taken":["M","$","?","?","?","R","E","?","T","?","R","M","$","?","R","BOSS","M","M","?","$","M","E"],"items_purchased":["Doom and Gloom","ClockworkSouvenir"],"item_purchase_floors":[13,21],"items_purged":["Defend_B"],"items_purged_floors":[2],"character_chosen":"DEFECT","card_choices":[{"picked":"SKIP","not_picked":["Rebound","Cold Snap","Recycle"],"floor":1},{"picked":"Consume","not_picked":["Hologram","Reprogram"],"floor":7},{"picked":"Conserve Battery","not_picked":["Coolheaded","Stack"],"floor":12},{"picked":"Buffer+1","not_picked":["Creative AI+1","Fission"],"floor":16},{"picked":"Scrape","not_picked":["Compile Driver","Barrage+1"],"floor":18},{"picked":"Steam","not_picked":["Skim","Barrage"],"floor":19},{"picked":"SKIP","not_picked":["Beam Cell","BootSequence","Hologram"],"floor":22}],"event_choices":[{"event_name":"World of Goop","player_choice":"Gather Gold","floor":4,"cards_obtained":null,"cards_removed":null,"cards_transformed":null,"cards_upgraded":null,"relics_obtained":null,"potions_obtained":null,"relics_lost":null,"damage_taken":11,"damage_healed":0,"max_hp_loss":0,"max_hp_gain":0,"gold_gain":75,"gold_loss":0},{"event_name":"Shining Light","player_choice":"Entered Light","floor":5,"cards_obtained":null,"cards_removed":null,"cards_transformed":null,"cards_upgraded":["Strike_B","Defend_B"],"relics_obtained":null,"potions_obtained":null,"relics_lost":null,"damage_taken":16,"damage_healed":0,"max_hp_loss":0,"max_hp_gain":0,"gold_gain":0,"gold_loss":0},{"event_name":"Scrap Ooze","player_choice":"Success","floor":8,"cards_obtained":null,"cards_removed":null,"cards_transformed":null,"cards_upgraded":null,"relics_obtained":["White Beast Statue"],"potions_obtained":null,"relics_lost":null,"damage_taken":7,"damage_healed":0,"max_hp_loss":0,"max_hp_gain":0,"gold_gain":0,"gold_loss":0},{"event_name":"WeMeetAgain","player_choice":"Paid Gold","floor":10,"cards_obtained":null,"cards_removed":null,"cards_transformed":null,"cards_upgraded":null,"relics_obtained":["Art of War"],"potions_obtained":null,"relics_lost":null,"damage_taken":0,"damage_healed":0,"max_hp_loss":0,"max_hp_gain":0,"gold_gain":0,"gold_loss":68},{"event_name":"Bonfire Elementals","player_choice":"Offered Uncommon","floor":14,"cards_obtained":null,"cards_removed":["Consume"],"cards_transformed":null,"cards_upgraded":null,"relics_obtained":null,"potions_obtained":null,"relics_lost":null,"damage_taken":0,"damage_healed":62,"max_hp_loss":0,"max_hp_gain":0,"gold_gain":0,"gold_loss":0}],"boss_relics":[{"picked":"SacredBark","not_picked":["Snecko Eye","Pandora's Box"]}],"damage_taken":[{"floor":1,"enemies":"Cultist","damage":0,"turns":4},{"floor":7,"enemies":"Gremlin Nob","damage":38,"turns":4},{"floor":12,"enemies":"Jaw Worm","damage":7,"turns":2},{"floor":16,"enemies":"Slime Boss","damage":2,"turns":6},{"floor":18,"enemies":"Chosen","damage":0,"turns":4},{"floor":19,"enemies":"2 Thieves","damage":15,"turns":4},{"floor":22,"enemies":"3 Cultists","damage":12,"turns":5},{"floor":23,"enemies":"Slavers","damage":58,"turns":4}],"potions_obtained":[{"key":"FocusPotion","floor":7},{"key":"ColorlessPotion","floor":12},{"key":"LiquidMemories","floor":16},{"key":"FearPotion","floor":18},{"key":"Swift Potion","floor":19},{"key":"Swift Potion","floor":22}],"relics_obtained":[{"key":"Frozen Egg 2","floor":3},{"key":"Juzu Bracelet","floor":7},{"key":"Lantern","floor":9},{"key":"Regal Pillow","floor":20}],"campfire_choices":[{"floor":6,"key":"SMITH","data":"Zap"},{"floor":11,"key":"REST"},{"floor":15,"key":"SMITH","data":"Dualcast"}],"circlet_count":0,"win_rate":0,"killed_by":"Slavers"}