{"play_id":"92a1c86a-7b2d-4e95-bb3e-59e5b8acd8e9","build_version":"2020-01-27","seed_played":"6342290356389485869","chose_seed":false,"seed_source_timestamp":2096483357170,"is_daily":false,"special_seed":null,"is_trial":false,"is_endless":false,"is_ascension_mode":true,"ascension_level":12,"neow_bonus":"THREE_RARE_CARDS","neow_cost":"NO_GOLD","is_beta":false,"is_prod":false,"victory":false,"floor_reached":7,"score":59,"timestamp":1707616825,"local_time":"02/11/2024 02:00:25","playtime":139,"player_experience":519791,"master_deck":["AscendersBane","Strike_B","Strike_B","Strike_B","Strike_B+1","Defend_B","Defend_B+1","Defend_B","Defend_B","Zap+1","Dualcast","All For One","Loop"],"relics":["Cracked Core","Golden Idol","Meat on the Bone"],"gold":12,"campfire_rested":0,"campfire_upgraded":1,"purchased_purges":0,"potions_floor_spawned":[],"potions_floor_usage":[],"current_hp_per_floor":[63,63,49,49,31,31,0],"max_hp_per_floor":[75,69,69,69,69,69,69],"gold_per_floor":[12,12,12,12,12,12,12],"path_per_floor":["M","?","?","$","?","R","E"],"path_taken":["M","?","?","?","?","R","E"],"items_purchased":[],"item_purchase_floors":[],"items_purged":[],"items_purged_floors":[],"character_chosen":"DEFECT","card_choices":[{"picked":"All For One","not_picked":["Thunder Strike","Machine Learning"],"floor":0},{"picked":"Loop","not_picked":["Redo","Skim"],"floor":1}],"event_choices":[{"event_name":"Golden Idol","player_choice":"Lose Max HP","floor":2,"cards_obtained":null,"cards_removed":null,"cards_transformed":null,"cards_upgraded":null,"relics_obtained":["Golden Idol"],"potions_obtained":null,"relics_lost":null,"damage_taken":0,"damage_healed":0,"max_hp_loss":6,"max_hp_gain":0,"gold_gain":0,"gold_loss":0},{"event_name":"Shining Light","player_choice":"Entered Light","floor":3,"cards_obtained":null,"cards_removed":null,"cards_transformed":null,"cards_upgraded":["Strike_B","Defend_B"],"relics_obtained":null,"potions_obtained":null,"relics_lost":null,"damage_taken":14,"damage_healed":0,"max_hp_loss":0,"max_hp_gain":0,"gold_gain":0,"gold_loss":0},{"event_name":"Scrap Ooze","player_choice":"Success","floor":5,"cards_obtained":null,"cards_removed":null,"cards_transformed":null,"cards_upgraded":null,"relics_obtained":["Meat on the Bone"],"potions_obtained":null,"relics_lost":null,"damage_taken":18,"damage_healed":0,"max_hp_loss":0,"max_hp_gain":0,"gold_gain":0,"gold_loss":0}],"boss_relics":[],"damage_taken":[{"floor":1,"enemies":"2 Louse","damage":5,"turns":2},{"floor":7,"enemies":"3 Sentries","damage":32,"turns":4}],"potions_obtained":[],"relics_obtained":[],"campfire_choices":[{"floor":6,"key":"SMITH","data":"Zap"}],"circlet_count":0,"win_rate":0,"killed_by":"3 Sentries"}