{"play_id":"feb35df9-9bb8-4a53-9b9d-3bb13cc4d985","build_version":"2020-01-27","seed_played":"-2682221404303122761","chose_seed":false,"seed_source_timestamp":2086716549265,"is_daily":false,"special_seed":null,"is_trial":false,"is_endless":false,"is_ascension_mode":true,"ascension_level":12,"neow_bonus":"THREE_ENEMY_KILL","neow_cost":"NONE","is_beta":false,"is_prod":false,"victory":false,"floor_reached":30,"score":434,"timestamp":1707616437,"local_time":"02/11/2024 01:53:57","playtime":827,"player_experience":518964,"master_deck":["AscendersBane","Defend_B","Defend_B","Defend_B","Zap+1","Dualcast+1","Gash","Ball Lightning","Defragment+1","FTL","Auto Shields","Darkness+1","Capacitor+1","Tempest+1","Multi-Cast+1","Gash","Gash","Tempest+1","Reinforced Body+1","Go for the Eyes","Conserve Battery+1","Ball Lightning","Sweeping Beam","Chill+1"],"relics":["Cracked Core","NeowsBlessing","Pantograph","Vajra","Blood Vial","Toxic Egg 2","Sundial","Nuclear Battery","Eternal Feather","Bottled Flame"],"gold":88,"campfire_rested":0,"campfire_upgraded":4,"purchased_purges":2,"potions_floor_spawned":[3,6,12,14],"potions_floor_usage":[13,14,16],"current_hp_per_floor":[68,68,68,68,68,68,68,40,40,40,40,35,28,29,29,46,68,69,46,46,46,32,44,35,47,47,21,21,21,0],"max_hp_per_floor":[75,75,75,75,75,75,75,75,75,75,75,75,75,75,75,75,75,75,75,75,75,80,80,80,80,80,80,80,80,80],"gold_per_floor":[116,116,126,45,45,79,79,110,110,110,35,55,80,99,99,200,200,216,233,233,233,233,233,248,248,248,259,88,88,88],"path_per_floor":["M","?","M","$","?","E","R","E","T","?","$","M","E","M","R","B",null,"M","M","?","?","?","R","M","R","T","M","$","?","M"],"path_taken":["M","?","?","?","?","E","R","E","T","?","$","M","E","M","R","BOSS","M","M","?","?","?","R","M","R","T","M","$","?","?"],"items_purchased":["Defragment","Conserve Battery+1","Ball Lightning"],"item_purchase_floors":[4,28,28],"items_purged":["Strike_B","Strike_B"],"items_purged_floors":[11,28],"character_chosen":"DEFECT","card_choices":[{"picked":"Gash","not_picked":["Leap","Self Repair"],"floor":1},{"picked":"Ball Lightning","not_picked":["Redo","Compile Driver"],"floor":3},{"picked":"FTL","not_picked":["Recycle","Machine Learning"],"floor":6},{"picked":"Auto Shields","not_picked":["Loop","BootSequence"],"floor":8},{"picked":"Darkness+1","not_picked":["Coolheaded+1","Barrage"],"floor":12},{"picked":"Capacitor","not_picked":["Stack+1","Compile Driver"],"floor":13},{"picked":"Tempest+1","not_picked":["Go for the Eyes","Sunder"],"floor":14},{"picked":"Multi-Cast+1","not_picked":["Biased Cognition","Machine Learning"],"floor":16},{"picked":"Gash","not_picked":["Auto Shields+1","Chill+1"],"floor":18},{"picked":"Gash","not_picked":["Chill+1","Barrage"],"floor":19},{"picked":"Reinforced Body+1","not_picked":["Barrage","Rebound"],"floor":24},{"picked":"Go for the Eyes","not_picked":["Beam Cell","Force Field+1"],"floor":27}],"event_choices":[{"event_name":"Purifier","player_choice":"Purged","floor":2,"cards_obtained":null,"cards_removed":["Strike_B"],"cards_transformed":null,"cards_upgraded":null,"relics_obtained":null,"potions_obtained":null,"relics_lost":null,"damage_taken":0,"damage_healed":0,"max_hp_loss":0,"max_hp_gain":0,"gold_gain":0,"gold_loss":0},{"event_name":"Big Fish","player_choice":"Box","floor":5,"cards_obtained":["Regret"],"cards_removed":null,"cards_transformed":null,"cards_upgraded":null,"relics_obtained":["Pantograph"],"potions_obtained":null,"relics_lost":null,"damage_taken":0,"damage_healed":0,"max_hp_loss":0,"max_hp_gain":0,"gold_gain":0,"gold_loss":0},{"event_name":"Living Wall","player_choice":"Forget","floor":10,"cards_obtained":null,"cards_removed":["Regret"],"cards_transformed":null,"cards_upgraded":null,"relics_obtained":null,"potions_obtained":null,"relics_lost":null,"damage_taken":0,"damage_healed":0,"max_hp_loss":0,"max_hp_gain":0,"gold_gain":0,"gold_loss":0},{"event_name":"The Mausoleum","player_choice":"Opened","floor":20,"cards_obtained":null,"cards_removed":null,"cards_transformed":null,"cards_upgraded":null,"relics_obtained":["Eternal Feather"],"potions_obtained":null,"relics_lost":null,"damage_taken":0,"damage_healed":0,"max_hp_loss":0,"max_hp_gain":0,"gold_gain":0,"gold_loss":0},{"event_name":"The Library","player_choice":"Read","floor":21,"cards_obtained":["Tempest"],"cards_removed":null,"cards_transformed":null,"cards_upgraded":null,"relics_obtained":null,"potions_obtained":null,"relics_lost":null,"damage_taken":0,"damage_healed":0,"max_hp_loss":0,"max_hp_gain":0,"gold_gain":0,"gold_loss":0},{"event_name":"Forgotten Altar","player_choice":"Shed Blood","floor":22,"cards_obtained":null,"cards_removed":null,"cards_transformed":null,"cards_upgraded":null,"relics_obtained":null,"potions_obtained":null,"relics_lost":null,"damage_taken":19,"damage_healed":0,"max_hp_loss":0,"max_hp_gain":5,"gold_gain":0,"gold_loss":0},{"event_name":"Drug Dealer","player_choice":"Became Test Subject","floor":29,"cards_obtained":["Sweeping Beam","Chill"],"cards_removed":null,"cards_transformed":["Defend_B","Strike_B"],"cards_upgraded":null,"relics_obtained":null,"potions_obtained":null,"relics_lost":null,"damage_taken":0,"damage_healed":0,"max_hp_loss":0,"max_hp_gain":0,"gold_gain":0,"gold_loss":0}],"boss_relics":[{"picked":"Nuclear Battery","not_picked":["Tiny House","Velvet Choker"]}],"damage_taken":[{"floor":1,"enemies":"Small Slimes","damage":0,"turns":1},{"floor":3,"enemies":"Cultist","damage":0,"turns":1},{"floor":6,"enemies":"Gremlin Nob","damage":0,"turns":1},{"floor":8,"enemies":"Lagavulin","damage":28,"turns":5},{"floor":12,"enemies":"2 Louse","damage":7,"turns":2},{"floor":13,"enemies":"Gremlin Nob","damage":9,"turns":4},{"floor":14,"enemies":"2 Fungi Beasts","damage":1,"turns":3},{"floor":16,"enemies":"The Guardian","damage":10,"turns":7},{"floor":18,"enemies":"Spheric Guardian","damage":1,"turns":3},{"floor":19,"enemies":"Shell Parasite","damage":25,"turns":4},{"floor":24,"enemies":"Sentry and Sphere","damage":11,"turns":3},{"floor":27,"enemies":"3 Cultists","damage":28,"turns":4},{"floor":30,"enemies":"Cultist and Chosen","damage":25,"turns":4}],"potions_obtained":[{"key":"Swift Potion","floor":3},{"key":"Block Potion","floor":6},{"key":"Swift Potion","floor":14}],"relics_obtained":[{"key":"Vajra","floor":6},{"key":"Blood Vial","floor":8},{"key":"Toxic Egg 2","floor":9},{"key":"Sundial","floor":13},{"key":"Bottled Flame","floor":26}],"campfire_choices":[{"floor":7,"key":"SMITH","data":"Zap"},{"floor":15,"key":"SMITH","data":"Defragment"},{"floor":23,"key":"SMITH","data":"Capacitor"},{"floor":25,"key":"SMITH","data":"Dualcast"}],"circlet_count":0,"win_rate":0,"killed_by":"Cultist and Chosen"}