{"play_id":"e55c3ea6-6e99-45fc-bd2b-16d09da387a8","build_version":"2020-01-27","seed_played":"2263536622599312470","chose_seed":false,"seed_source_timestamp":0,"is_daily":false,"special_seed":0,"is_trial":false,"is_endless":false,"is_ascension_mode":true,"ascension_level":12,"neow_bonus":"BOSS_RELIC","neow_cost":"NONE","is_beta":false,"is_prod":false,"victory":false,"floor_reached":19,"score":308,"timestamp":1707754940,"local_time":"02/12/2024 16:22:20","playtime":749,"player_experience":523383,"master_deck":["AscendersBane","Zap","Dualcast","Steam Power","Reprogram","Melter","Sunder","Glacier","Fission+1","Storm","BootSequence","Gash","Gash","Glacier","Ball Lightning","Loop+1","Gash","Gash","Auto Shields","Rainbow"],"relics":["Pandora's Box","StoneCalendar","WingedGreaves","Anchor","Philosopher's Stone"],"gold":294,"campfire_rested":2,"campfire_upgraded":2,"purchased_purges":0,"potions_floor_spawned":[3,5,6,14],"potions_floor_usage":[],"current_hp_per_floor":[68,68,68,57,51,13,13,13,13,35,13,35,27,27,27,15,60,40,0],"max_hp_per_floor":[75,75,75,75,75,75,75,75,75,75,75,75,75,75,75,75,75,75,75],"gold_per_floor":[114,87,100,175,192,226,226,156,156,156,174,174,199,217,217,313,313,294,294],"path_per_floor":["M","$","M","?","M","E","R","$","T","R","M","R","E","M","R","B",null,"M","?"],"path_taken":["M","$","M","?","M","E","R","$","T","R","M","R","E","M","R","BOSS","M","?"],"items_purchased":["Gash","Loop"],"item_purchase_floors":[2,8],"items_purged":[],"items_purged_floors":[],"character_chosen":"DEFECT","card_choices":[{"picked":"Gash","not_picked":["Compile Driver","Rebound"],"floor":1},{"picked":"Glacier","not_picked":["Steam","Aggregate"],"floor":3},{"picked":"Ball Lightning","not_picked":["Self Repair","Hologram"],"floor":5},{"picked":"SKIP","not_picked":["Sweeping Beam","Streamline","Rip and Tear"],"floor":6},{"picked":"Gash","not_picked":["Multi-Cast","Turbo"],"floor":11},{"picked":"Gash","not_picked":["Compile Driver","Lockon"],"floor":13},{"picked":"Auto Shields","not_picked":["Turbo","Conserve Battery"],"floor":14},{"picked":"Rainbow","not_picked":["Creative AI","Biased Cognition"],"floor":16},{"picked":"SKIP","not_picked":["Double Energy+1","Cold Snap","Hologram"],"floor":18}],"event_choices":[{"event_name":"World of Goop","player_choice":"Gather Gold","floor":4,"cards_obtained":null,"cards_removed":null,"cards_transformed":null,"cards_upgraded":null,"relics_obtained":null,"potions_obtained":null,"relics_lost":null,"damage_taken":11,"damage_healed":0,"max_hp_loss":0,"max_hp_gain":0,"gold_gain":75,"gold_loss":0},{"event_name":"Masked Bandits","player_choice":"Fought Bandits","floor":19,"cards_obtained":null,"cards_removed":null,"cards_transformed":null,"cards_upgraded":null,"relics_obtained":null,"potions_obtained":null,"relics_lost":null,"damage_taken":0,"damage_healed":0,"max_hp_loss":0,"max_hp_gain":0,"gold_gain":0,"gold_loss":0}],"boss_relics":[{"picked":"Philosopher's Stone","not_picked":["Astrolabe","Runic Dome"]}],"damage_taken":[{"floor":1,"enemies":"Small Slimes","damage":0,"turns":2},{"floor":3,"enemies":"Jaw Worm","damage":0,"turns":2},{"floor":5,"enemies":"Cultist","damage":6,"turns":3},{"floor":6,"enemies":"Gremlin Nob","damage":38,"turns":4},{"floor":11,"enemies":"Gremlin Gang","damage":22,"turns":3},{"floor":13,"enemies":"Lagavulin","damage":8,"turns":6},{"floor":14,"enemies":"Looter","damage":0,"turns":3},{"floor":16,"enemies":"Slime Boss","damage":12,"turns":7},{"floor":18,"enemies":"2 Thieves","damage":20,"turns":4},{"floor":19,"enemies":"Masked Bandits","damage":46,"turns":3}],"potions_obtained":[{"key":"DuplicationPotion","floor":3},{"key":"Dexterity Potion","floor":5},{"key":"Strength Potion","floor":6}],"relics_obtained":[{"key":"StoneCalendar","floor":6},{"key":"WingedGreaves","floor":9},{"key":"Anchor","floor":13}],"campfire_choices":[{"floor":7,"key":"SMITH","data":"Fission"},{"floor":10,"key":"REST"},{"floor":12,"key":"REST"},{"floor":15,"key":"SMITH","data":"Loop"}],"circlet_count":0,"win_rate":0,"killed_by":"Masked Bandits"}