{"play_id":"fcd68bbd-93e5-40c9-b04a-bc9f7b592dbb","build_version":"2020-01-27","seed_played":"-3092780286740858230","chose_seed":false,"seed_source_timestamp":639951328697,"is_daily":false,"special_seed":null,"is_trial":false,"is_endless":false,"is_ascension_mode":true,"ascension_level":12,"neow_bonus":"TRANSFORM_TWO_CARDS","neow_cost":"NO_GOLD","is_beta":false,"is_prod":false,"victory":false,"floor_reached":12,"score":109,"timestamp":1708446366,"local_time":"02/20/2024 16:26:06","playtime":230,"player_experience":535944,"master_deck":["AscendersBane","Strike_B","Strike_B","Defend_B","Defend_B","Defend_B","Zap+1","Dualcast+1","Machine Learning+1","Chaos+1","Streamline","Cold Snap","Rip and Tear"],"relics":["Cracked Core","Golden Idol","Vajra"],"gold":120,"campfire_rested":0,"campfire_upgraded":1,"purchased_purges":0,"potions_floor_spawned":[10],"potions_floor_usage":[],"current_hp_per_floor":[61,61,43,43,28,28,22,22,22,22,20,0],"max_hp_per_floor":[75,75,75,75,75,75,75,75,75,75,75,75],"gold_per_floor":[14,14,14,14,14,14,33,33,79,99,120,120],"path_per_floor":["M","$","?","?","?","?","M","R","T","M","M","E"],"path_taken":["M","$","?","?","?","?","M","R","T","M","?","E"],"items_purchased":[],"item_purchase_floors":[],"items_purged":[],"items_purged_floors":[],"character_chosen":"DEFECT","card_choices":[{"picked":"Streamline","not_picked":["Redo","Go for the Eyes"],"floor":1},{"picked":"SKIP","not_picked":["Loop","Leap","Gash"],"floor":7},{"picked":"SKIP","not_picked":["Streamline","Sweeping Beam","Steam"],"floor":10},{"picked":"SKIP","not_picked":["Redo","Stack","Rip and Tear"],"floor":11},{"picked":"Rip and Tear","not_picked":["Redo","Stack"],"floor":11}],"event_choices":[{"event_name":"Golden Idol","player_choice":"Take Damage","floor":3,"cards_obtained":null,"cards_removed":null,"cards_transformed":null,"cards_upgraded":null,"relics_obtained":["Golden Idol"],"potions_obtained":null,"relics_lost":null,"damage_taken":18,"damage_healed":0,"max_hp_loss":0,"max_hp_gain":0,"gold_gain":0,"gold_loss":0},{"event_name":"Living Wall","player_choice":"Change","floor":4,"cards_obtained":["Cold Snap"],"cards_removed":null,"cards_transformed":["Strike_B"],"cards_upgraded":null,"relics_obtained":null,"potions_obtained":null,"relics_lost":null,"damage_taken":0,"damage_healed":0,"max_hp_loss":0,"max_hp_gain":0,"gold_gain":0,"gold_loss":0},{"event_name":"Shining Light","player_choice":"Entered Light","floor":5,"cards_obtained":null,"cards_removed":null,"cards_transformed":null,"cards_upgraded":["Dualcast","Machine Learning"],"relics_obtained":null,"potions_obtained":null,"relics_lost":null,"damage_taken":15,"damage_healed":0,"max_hp_loss":0,"max_hp_gain":0,"gold_gain":0,"gold_loss":0},{"event_name":"Accursed Blacksmith","player_choice":"Forge","floor":6,"cards_obtained":null,"cards_removed":null,"cards_transformed":null,"cards_upgraded":["Chaos"],"relics_obtained":null,"potions_obtained":null,"relics_lost":null,"damage_taken":0,"damage_healed":0,"max_hp_loss":0,"max_hp_gain":0,"gold_gain":0,"gold_loss":0}],"boss_relics":[],"damage_taken":[{"floor":1,"enemies":"Small Slimes","damage":7,"turns":4},{"floor":7,"enemies":"2 Louse","damage":6,"turns":2},{"floor":10,"enemies":"Cultist","damage":0,"turns":3},{"floor":11,"enemies":"Exordium Wildlife","damage":2,"turns":3},{"floor":12,"enemies":"3 Sentries","damage":23,"turns":2}],"potions_obtained":[{"key":"Dexterity Potion","floor":10}],"relics_obtained":[{"key":"Vajra","floor":9}],"campfire_choices":[{"floor":8,"key":"SMITH","data":"Zap"}],"circlet_count":0,"win_rate":0,"killed_by":"3 Sentries"}