{"play_id":"6616dc4e-a9b1-42e0-9cee-7959550c748d","build_version":"2020-01-27","seed_played":"8560078409141638513","chose_seed":false,"seed_source_timestamp":206275749476,"is_daily":false,"special_seed":null,"is_trial":false,"is_endless":false,"is_ascension_mode":true,"ascension_level":12,"neow_bonus":"TRANSFORM_TWO_CARDS","neow_cost":"TEN_PERCENT_HP_LOSS","is_beta":false,"is_prod":false,"victory":false,"floor_reached":14,"score":154,"timestamp":1708348789,"local_time":"02/19/2024 13:19:49","playtime":434,"player_experience":530495,"master_deck":["AscendersBane","Strike_B","Defend_B","Defend_B","Zap","Dualcast","BootSequence","Biased Cognition+1","Consume","Go for the Eyes","Beam Cell","Doubt","Chaos+1","Lockon","Loop","Echo Form+1"],"relics":["Cracked Core","Prayer Wheel","Nunchaku","Runic Capacitor","StrikeDummy","Frozen Egg 2"],"gold":104,"campfire_rested":0,"campfire_upgraded":2,"purchased_purges":1,"potions_floor_spawned":[12],"potions_floor_usage":[14],"current_hp_per_floor":[68,68,68,67,67,67,27,27,27,26,26,6,6,0],"max_hp_per_floor":[68,68,68,68,68,68,68,68,68,68,68,68,68,68],"gold_per_floor":[116,116,116,136,311,311,339,112,112,126,126,154,104,104],"path_per_floor":["M","?","T","M","?","R","E","$","T","M","R","E","?","E"],"path_taken":["M","?","?","M","?","R","E","?","T","?","R","E","?","E"],"items_purchased":["Runic Capacitor"],"item_purchase_floors":[8],"items_purged":["Strike_B"],"items_purged_floors":[8],"character_chosen":"DEFECT","card_choices":[{"picked":"Consume","not_picked":["Turbo","Hologram"],"floor":1},{"picked":"Beam Cell","not_picked":["Redo","Reprogram"],"floor":4},{"picked":"SKIP","not_picked":["Barrage","Stack","Hologram"],"floor":4},{"picked":"Chaos","not_picked":["Hologram","Storm"],"floor":7},{"picked":"Lockon","not_picked":["Skim","Streamline"],"floor":10},{"picked":"Loop","not_picked":["Chill","Stack"],"floor":10},{"picked":"Echo Form+1","not_picked":["Sweeping Beam","Beam Cell"],"floor":12}],"event_choices":[{"event_name":"Living Wall","player_choice":"Change","floor":2,"cards_obtained":["Go for the Eyes"],"cards_removed":null,"cards_transformed":["Defend_B"],"cards_upgraded":null,"relics_obtained":null,"potions_obtained":null,"relics_lost":null,"damage_taken":0,"damage_healed":0,"max_hp_loss":0,"max_hp_gain":0,"gold_gain":0,"gold_loss":0},{"event_name":"Liars Game","player_choice":"AGREE","floor":5,"cards_obtained":["Doubt"],"cards_removed":null,"cards_transformed":null,"cards_upgraded":null,"relics_obtained":null,"potions_obtained":null,"relics_lost":null,"damage_taken":0,"damage_healed":0,"max_hp_loss":0,"max_hp_gain":0,"gold_gain":175,"gold_loss":0},{"event_name":"The Cleric","player_choice":"Card Removal","floor":13,"cards_obtained":null,"cards_removed":["Strike_B"],"cards_transformed":null,"cards_upgraded":null,"relics_obtained":null,"potions_obtained":null,"relics_lost":null,"damage_taken":0,"damage_healed":0,"max_hp_loss":0,"max_hp_gain":0,"gold_gain":0,"gold_loss":50}],"boss_relics":[],"damage_taken":[{"floor":1,"enemies":"Jaw Worm","damage":0,"turns":3},{"floor":4,"enemies":"Small Slimes","damage":1,"turns":3},{"floor":7,"enemies":"Gremlin Nob","damage":40,"turns":5},{"floor":10,"enemies":"2 Louse","damage":1,"turns":3},{"floor":12,"enemies":"Lagavulin","damage":20,"turns":6},{"floor":14,"enemies":"3 Sentries","damage":10,"turns":2}],"potions_obtained":[{"key":"EssenceOfDarkness","floor":12}],"relics_obtained":[{"key":"Prayer Wheel","floor":3},{"key":"Nunchaku","floor":7},{"key":"StrikeDummy","floor":9},{"key":"Frozen Egg 2","floor":12}],"campfire_choices":[{"floor":6,"key":"SMITH","data":"Biased Cognition"},{"floor":11,"key":"SMITH","data":"Chaos"}],"circlet_count":0,"win_rate":0,"killed_by":"3 Sentries"}