{"play_id":"29cea066-a196-498a-ac16-c63411236b7c","build_version":"2020-01-27","seed_played":"980004093779740703","chose_seed":false,"seed_source_timestamp":992090419148,"is_daily":false,"special_seed":null,"is_trial":false,"is_endless":false,"is_ascension_mode":true,"ascension_level":12,"neow_bonus":"TEN_PERCENT_HP_BONUS","neow_cost":"NONE","is_beta":false,"is_prod":false,"victory":false,"floor_reached":14,"score":198,"timestamp":1708538519,"local_time":"02/21/2024 18:01:59","playtime":358,"player_experience":538142,"master_deck":["AscendersBane","Strike_B","Strike_B","Strike_B","Defend_B","Defend_B","Defend_B","Zap","Dualcast","Go for the Eyes","Beam Cell+1","Gash","Ball Lightning","Machine Learning","Auto Shields","Chaos"],"relics":["Cracked Core","Darkstone Periapt","Bag of Marbles","Pear","Bronze Scales","NlothsMask"],"gold":147,"campfire_rested":0,"campfire_upgraded":1,"purchased_purges":1,"potions_floor_spawned":[6,10,11],"potions_floor_usage":[8,12],"current_hp_per_floor":[74,74,74,72,72,47,47,37,47,5,3,3,3,0],"max_hp_per_floor":[82,82,82,82,82,82,82,82,92,92,92,92,92,92],"gold_per_floor":[115,17,17,31,31,59,59,88,88,120,136,147,147,147],"path_per_floor":["M","$","?","M","$","E","R","E","T","E","M","M","?","M"],"path_taken":["M","$","?","M","?","E","R","E","T","E","M","M","?","M"],"items_purchased":["Beam Cell"],"item_purchase_floors":[2],"items_purged":["Strike_B"],"items_purged_floors":[2],"character_chosen":"DEFECT","card_choices":[{"picked":"Go for the Eyes","not_picked":["Stack","Steam"],"floor":1},{"picked":"Gash","not_picked":["Consume","Melter"],"floor":4},{"picked":"Ball Lightning","not_picked":["Redo","Compile Driver"],"floor":6},{"picked":"SKIP","not_picked":["Biased Cognition","Stack","Double Energy"],"floor":8},{"picked":"Machine Learning","not_picked":["Turbo","Aggregate"],"floor":10},{"picked":"Auto Shields","not_picked":["Glacier","Consume"],"floor":11},{"picked":"Chaos","not_picked":["Hologram","Reinforced Body"],"floor":12}],"event_choices":[{"event_name":"Purifier","player_choice":"Purged","floor":3,"cards_obtained":null,"cards_removed":["Defend_B"],"cards_transformed":null,"cards_upgraded":null,"relics_obtained":null,"potions_obtained":null,"relics_lost":null,"damage_taken":0,"damage_healed":0,"max_hp_loss":0,"max_hp_gain":0,"gold_gain":0,"gold_loss":0},{"event_name":"FaceTrader","player_choice":"Trade","floor":13,"cards_obtained":null,"cards_removed":null,"cards_transformed":null,"cards_upgraded":null,"relics_obtained":["NlothsMask"],"potions_obtained":null,"relics_lost":null,"damage_taken":0,"damage_healed":0,"max_hp_loss":0,"max_hp_gain":0,"gold_gain":0,"gold_loss":0}],"boss_relics":[],"damage_taken":[{"floor":1,"enemies":"Cultist","damage":1,"turns":4},{"floor":4,"enemies":"2 Louse","damage":2,"turns":2},{"floor":6,"enemies":"Lagavulin","damage":25,"turns":6},{"floor":8,"enemies":"Gremlin Nob","damage":10,"turns":3},{"floor":10,"enemies":"3 Sentries","damage":42,"turns":6},{"floor":11,"enemies":"Small Slimes","damage":2,"turns":3},{"floor":12,"enemies":"Red Slaver","damage":0,"turns":2},{"floor":14,"enemies":"Blue Slaver","damage":7,"turns":2}],"potions_obtained":[{"key":"Explosive Potion","floor":6},{"key":"CultistPotion","floor":10},{"key":"FocusPotion","floor":11}],"relics_obtained":[{"key":"Darkstone Periapt","floor":6},{"key":"Bag of Marbles","floor":8},{"key":"Pear","floor":9},{"key":"Bronze Scales","floor":10}],"campfire_choices":[{"floor":7,"key":"SMITH","data":"Beam Cell"}],"circlet_count":0,"win_rate":0,"killed_by":"Blue Slaver"}