{"play_id":"1abdd06f-8345-4686-9f27-b9ad35c71d91","build_version":"2020-01-27","seed_played":"7761814076963491368","chose_seed":false,"seed_source_timestamp":1553849833678,"is_daily":false,"special_seed":null,"is_trial":false,"is_endless":false,"is_ascension_mode":true,"ascension_level":12,"neow_bonus":"BOSS_RELIC","neow_cost":"NONE","is_beta":false,"is_prod":false,"victory":false,"floor_reached":23,"score":325,"timestamp":1708663906,"local_time":"02/23/2024 04:51:46","playtime":1518,"player_experience":541093,"master_deck":["AscendersBane","Strike_B+1","Strike_B","Strike_B","Defend_B","Defend_B","Defend_B","Defend_B","Zap","Dualcast+1","Ball Lightning","Conserve Battery","Beam Cell","Rainbow+1","Beam Cell","Static Discharge","Buffer","Capacitor"],"relics":["Tiny House","Bronze Scales","Dream Catcher","Nunchaku","Cables","Runic Pyramid","ClockworkSouvenir","HornCleat"],"gold":97,"campfire_rested":1,"campfire_upgraded":2,"purchased_purges":1,"potions_floor_spawned":[4,10,13,14],"potions_floor_usage":[10,14,14,23],"current_hp_per_floor":[71,71,71,71,71,47,47,47,47,47,47,24,23,23,47,11,63,46,46,39,39,26,0],"max_hp_per_floor":[80,80,80,80,80,80,80,80,80,80,80,80,80,80,80,80,80,80,80,80,80,80,80],"gold_per_floor":[169,169,22,35,53,87,12,12,36,56,56,87,107,121,121,222,222,241,64,82,82,97,97],"path_per_floor":["M","?","$","M","M","E","$","R","T","M","R","E","M","M","R","B",null,"M","$","M","?","M","E"],"path_taken":["M","?","$","M","M","E","$","R","T","M","R","E","?","M","R","BOSS","M","$","M","?","M","E"],"items_purchased":["Bronze Scales","ClockworkSouvenir","Capacitor"],"item_purchase_floors":[3,19,19],"items_purged":["Strike_B"],"items_purged_floors":[7],"character_chosen":"DEFECT","card_choices":[{"picked":"Ball Lightning","not_picked":["Go for the Eyes","Barrage"],"floor":0},{"picked":"Conserve Battery","not_picked":["Steam","Streamline"],"floor":1},{"picked":"Beam Cell","not_picked":["Sweeping Beam","Reinforced Body"],"floor":4},{"picked":"Rainbow","not_picked":["Stack","Cold Snap"],"floor":5},{"picked":"SKIP","not_picked":["Compile Driver","Hologram","Rebound"],"floor":6},{"picked":"SKIP","not_picked":["Double Energy","Hologram","Compile Driver"],"floor":10},{"picked":"SKIP","not_picked":["Coolheaded","BootSequence","Stack"],"floor":12},{"picked":"SKIP","not_picked":["Gash","Barrage","Streamline"],"floor":13},{"picked":"Beam Cell","not_picked":["Steam Power","Fusion"],"floor":14},{"picked":"Static Discharge","not_picked":["Chill","Leap"],"floor":15},{"picked":"Buffer","not_picked":["Amplify","Fission"],"floor":16},{"picked":"SKIP","not_picked":["Cold Snap","Rebound","Sweeping Beam"],"floor":18},{"picked":"SKIP","not_picked":["Go for the Eyes","Rebound","Barrage"],"floor":20},{"picked":"SKIP","not_picked":["Redo","Leap","Turbo"],"floor":22}],"event_choices":[{"event_name":"Match and Keep!","player_choice":"0 cards matched","floor":2,"cards_obtained":[],"cards_removed":null,"cards_transformed":null,"cards_upgraded":null,"relics_obtained":null,"potions_obtained":null,"relics_lost":null,"damage_taken":0,"damage_healed":0,"max_hp_loss":0,"max_hp_gain":0,"gold_gain":0,"gold_loss":0},{"event_name":"The Mausoleum","player_choice":"Opened","floor":21,"cards_obtained":null,"cards_removed":null,"cards_transformed":null,"cards_upgraded":null,"relics_obtained":["HornCleat"],"potions_obtained":null,"relics_lost":null,"damage_taken":0,"damage_healed":0,"max_hp_loss":0,"max_hp_gain":0,"gold_gain":0,"gold_loss":0}],"boss_relics":[{"picked":"Runic Pyramid","not_picked":["Snecko Eye","Fusion Hammer"]}],"damage_taken":[{"floor":1,"enemies":"2 Louse","damage":2,"turns":3},{"floor":4,"enemies":"Cultist","damage":0,"turns":3},{"floor":5,"enemies":"Small Slimes","damage":0,"turns":3},{"floor":6,"enemies":"Lagavulin","damage":24,"turns":6},{"floor":10,"enemies":"3 Louse","damage":0,"turns":2},{"floor":12,"enemies":"Gremlin Nob","damage":52,"turns":5},{"floor":13,"enemies":"Exordium Wildlife","damage":1,"turns":4},{"floor":14,"enemies":"Gremlin Gang","damage":0,"turns":2},{"floor":16,"enemies":"Slime Boss","damage":36,"turns":8},{"floor":18,"enemies":"Shell Parasite","damage":17,"turns":5},{"floor":20,"enemies":"Chosen","damage":7,"turns":4},{"floor":22,"enemies":"Shelled Parasite and Fungi","damage":13,"turns":4},{"floor":23,"enemies":"Slavers","damage":31,"turns":3}],"potions_obtained":[{"key":"FairyPotion","floor":0},{"key":"Fire Potion","floor":4},{"key":"Explosive Potion","floor":10},{"key":"DistilledChaos","floor":13},{"key":"Strength Potion","floor":14}],"relics_obtained":[{"key":"Dream Catcher","floor":6},{"key":"Nunchaku","floor":9},{"key":"Cables","floor":12}],"campfire_choices":[{"floor":8,"key":"SMITH","data":"Rainbow"},{"floor":11,"key":"SMITH","data":"Dualcast"},{"floor":15,"key":"REST"}],"circlet_count":0,"win_rate":0,"killed_by":"Slavers"}