{"play_id":"9dbe3af1-7ced-4d33-83ea-5e48b1e6ed40","build_version":"2020-01-27","seed_played":"2894267540921788517","chose_seed":false,"seed_source_timestamp":3024653183017,"is_daily":false,"special_seed":null,"is_trial":false,"is_endless":false,"is_ascension_mode":true,"ascension_level":12,"neow_bonus":"ONE_RARE_RELIC","neow_cost":"CURSE","is_beta":false,"is_prod":false,"victory":false,"floor_reached":16,"score":189,"timestamp":1708952420,"local_time":"02/26/2024 13:00:20","playtime":579,"player_experience":554550,"master_deck":["AscendersBane","Strike_B","Strike_B","Strike_B","Defend_B","Defend_B","Defend_B","Defend_B","Zap","Dualcast+1","Injury","Streamline","Chill+1","Doubt","Rip and Tear","Ball Lightning","Tempest+1","Chill","Undo"],"relics":["Cracked Core","Gambling Chip","Ice Cream","Omamori","Strawberry","Bag of Marbles","Art of War"],"gold":113,"campfire_rested":1,"campfire_upgraded":1,"purchased_purges":0,"potions_floor_spawned":[1,12,13],"potions_floor_usage":[10,13,14,14,16],"current_hp_per_floor":[64,58,58,43,43,16,16,38,45,38,38,34,34,18,18,0],"max_hp_per_floor":[75,75,75,75,75,75,75,75,82,82,82,82,82,82,82,82],"gold_per_floor":[111,123,298,298,0,25,25,25,25,58,58,86,103,113,113,113],"path_per_floor":["M","M","?","?","$","E","$","R","T","E","?","E","M","M","R","B"],"path_taken":["M","M","?","?","$","E","$","R","T","E","?","E","?","M","R","BOSS"],"items_purchased":["Ice Cream"],"item_purchase_floors":[5],"items_purged":[],"items_purged_floors":[],"character_chosen":"DEFECT","card_choices":[{"picked":"Streamline","not_picked":["Auto Shields","BootSequence"],"floor":1},{"picked":"Chill","not_picked":["Barrage","Steam"],"floor":2},{"picked":"Rip and Tear","not_picked":["Sweeping Beam","Beam Cell"],"floor":6},{"picked":"Ball Lightning","not_picked":["Coolheaded","FTL"],"floor":10},{"picked":"Tempest","not_picked":["Gash","Self Repair"],"floor":12},{"picked":"Chill","not_picked":["Leap","Auto Shields"],"floor":13},{"picked":"Undo","not_picked":["Go for the Eyes","Storm"],"floor":14}],"event_choices":[{"event_name":"Liars Game","player_choice":"AGREE","floor":3,"cards_obtained":["Doubt"],"cards_removed":null,"cards_transformed":null,"cards_upgraded":null,"relics_obtained":null,"potions_obtained":null,"relics_lost":null,"damage_taken":0,"damage_healed":0,"max_hp_loss":0,"max_hp_gain":0,"gold_gain":175,"gold_loss":0},{"event_name":"Shining Light","player_choice":"Entered Light","floor":4,"cards_obtained":null,"cards_removed":null,"cards_transformed":null,"cards_upgraded":["Dualcast","Chill"],"relics_obtained":null,"potions_obtained":null,"relics_lost":null,"damage_taken":15,"damage_healed":0,"max_hp_loss":0,"max_hp_gain":0,"gold_gain":0,"gold_loss":0},{"event_name":"Living Wall","player_choice":"Forget","floor":11,"cards_obtained":null,"cards_removed":["Strike_B"],"cards_transformed":null,"cards_upgraded":null,"relics_obtained":null,"potions_obtained":null,"relics_lost":null,"damage_taken":0,"damage_healed":0,"max_hp_loss":0,"max_hp_gain":0,"gold_gain":0,"gold_loss":0}],"boss_relics":[],"damage_taken":[{"floor":1,"enemies":"Jaw Worm","damage":4,"turns":3},{"floor":2,"enemies":"2 Louse","damage":6,"turns":3},{"floor":6,"enemies":"3 Sentries","damage":27,"turns":10},{"floor":10,"enemies":"Gremlin Nob","damage":7,"turns":3},{"floor":12,"enemies":"3 Sentries","damage":4,"turns":6},{"floor":13,"enemies":"Cultist","damage":0,"turns":3},{"floor":14,"enemies":"Large Slime","damage":16,"turns":2},{"floor":16,"enemies":"The Guardian","damage":19,"turns":7}],"potions_obtained":[{"key":"FearPotion","floor":1},{"key":"PowerPotion","floor":12},{"key":"EntropicBrew","floor":13}],"relics_obtained":[{"key":"Omamori","floor":6},{"key":"Strawberry","floor":9},{"key":"Bag of Marbles","floor":10},{"key":"Art of War","floor":12}],"campfire_choices":[{"floor":8,"key":"REST"},{"floor":15,"key":"SMITH","data":"Tempest"}],"circlet_count":0,"win_rate":0,"killed_by":"The Guardian"}