{"play_id":"6507824e-411d-453d-ae7c-95508b764c28","build_version":"2020-01-27","seed_played":"-1733344020361392976","chose_seed":false,"seed_source_timestamp":733086052723,"is_daily":false,"special_seed":null,"is_trial":false,"is_endless":false,"is_ascension_mode":true,"ascension_level":12,"neow_bonus":"BOSS_RELIC","neow_cost":"NONE","is_beta":false,"is_prod":false,"victory":false,"floor_reached":8,"score":67,"timestamp":1708206407,"local_time":"02/17/2024 21:46:47","playtime":273,"player_experience":527884,"master_deck":["AscendersBane","Strike_B","Strike_B","Strike_B","Strike_B","Defend_B+1","Defend_B+1","Defend_B","Defend_B","Dualcast","Self Repair+1","Master of Strategy"],"relics":["Nuclear Battery"],"gold":12,"campfire_rested":0,"campfire_upgraded":1,"purchased_purges":1,"potions_floor_spawned":[],"potions_floor_usage":[],"current_hp_per_floor":[66,66,66,51,44,44,44,0],"max_hp_per_floor":[75,75,75,75,75,75,75,75],"gold_per_floor":[109,284,12,12,12,12,12,12],"path_per_floor":["M","?","$","?","?","R","$","E"],"path_taken":["M","?","$","?","?","R","?","E"],"items_purchased":["Master of Strategy"],"item_purchase_floors":[3],"items_purged":["Doubt"],"items_purged_floors":[3],"character_chosen":"DEFECT","card_choices":[{"picked":"Self Repair","not_picked":["Steam","Loop"],"floor":1}],"event_choices":[{"event_name":"Liars Game","player_choice":"AGREE","floor":2,"cards_obtained":["Doubt"],"cards_removed":null,"cards_transformed":null,"cards_upgraded":null,"relics_obtained":null,"potions_obtained":null,"relics_lost":null,"damage_taken":0,"damage_healed":0,"max_hp_loss":0,"max_hp_gain":0,"gold_gain":175,"gold_loss":0},{"event_name":"Shining Light","player_choice":"Entered Light","floor":4,"cards_obtained":null,"cards_removed":null,"cards_transformed":null,"cards_upgraded":["Defend_B","Defend_B"],"relics_obtained":null,"potions_obtained":null,"relics_lost":null,"damage_taken":15,"damage_healed":0,"max_hp_loss":0,"max_hp_gain":0,"gold_gain":0,"gold_loss":0},{"event_name":"Golden Wing","player_choice":"Card Removal","floor":5,"cards_obtained":null,"cards_removed":["Zap"],"cards_transformed":null,"cards_upgraded":null,"relics_obtained":null,"potions_obtained":null,"relics_lost":null,"damage_taken":7,"damage_healed":0,"max_hp_loss":0,"max_hp_gain":0,"gold_gain":0,"gold_loss":0}],"boss_relics":[],"damage_taken":[{"floor":1,"enemies":"Jaw Worm","damage":2,"turns":4},{"floor":8,"enemies":"3 Sentries","damage":48,"turns":14}],"potions_obtained":[],"relics_obtained":[],"campfire_choices":[{"floor":6,"key":"SMITH","data":"Self Repair"}],"circlet_count":0,"win_rate":0,"killed_by":"3 Sentries"}