{"play_id":"533f7555-0ffa-4bec-9b73-02ae7719130e","build_version":"2020-01-27","seed_played":"628322721400021362","chose_seed":false,"seed_source_timestamp":1889457808599,"is_daily":false,"special_seed":null,"is_trial":false,"is_endless":false,"is_ascension_mode":true,"ascension_level":12,"neow_bonus":"RANDOM_COLORLESS_2","neow_cost":"TEN_PERCENT_HP_LOSS","is_beta":false,"is_prod":false,"victory":false,"floor_reached":46,"score":802,"timestamp":1708748625,"local_time":"02/24/2024 04:23:45","playtime":2004,"player_experience":545034,"master_deck":["AscendersBane","Strike_B","Strike_B","Defend_B","Defend_B+1","Defend_B","Defend_B+1","Zap+1","Dualcast+1","The Bomb+1","Conserve Battery","Ball Lightning+1","Hologram+1","Chill+1","Steam+1","Tempest+1","Seek+1","Beam Cell+1","Ball Lightning","Fusion+1","Fusion+1","Defragment+1","Auto Shields+1","Chaos+1","Core Surge","Consume+1","Defragment+1","Conserve Battery+1","Glacier+1","Static Discharge"],"relics":["Cracked Core","Nunchaku","Boot","Centennial Puzzle","War Paint","Toxic Egg 2","FossilizedHelix","Golden Idol","SacredBark","Shuriken","StrikeDummy","Smiling Mask","Lee's Waffle","PreservedInsect","Nuclear Battery","Red Mask","Pocketwatch","White Beast Statue","Orichalcum"],"gold":135,"campfire_rested":2,"campfire_upgraded":7,"purchased_purges":3,"potions_floor_spawned":[7,18,31,33,38],"potions_floor_usage":[8,24,30,33,38,41],"current_hp_per_floor":[60,60,53,53,53,53,43,43,43,43,43,38,38,38,38,16,51,51,41,41,31,31,31,28,28,28,15,15,70,70,53,53,1,53,15,15,15,15,15,36,28,28,28,49,49,0],"max_hp_per_floor":[68,68,68,68,68,68,68,68,68,68,68,68,68,63,63,63,63,63,63,63,63,63,63,63,63,63,63,63,70,70,70,70,70,70,70,70,70,70,70,70,70,70,70,70,70,70],"gold_per_floor":[119,294,294,319,88,88,122,142,142,50,50,76,76,76,76,196,196,221,242,242,263,362,362,397,397,397,415,441,11,35,56,56,185,185,205,205,49,74,0,0,35,35,109,109,135,135],"path_per_floor":["M","?","?","T","$","R","E","M","T","$","R","E","?","?","R","B",null,"M","M","?","M","?","R","E","R","T","M","T","$","M","M","R","B",null,"M","?","$","M","?","R","E","R","T","R","T","E"],"path_taken":["M","?","?","?","?","R","E","?","T","$","R","E","?","?","R","BOSS","M","M","?","M","?","R","E","R","T","M","?","$","M","?","R","BOSS","M","?","?","M","?","R","E","R","T","R","?","E"],"items_purchased":["Centennial Puzzle","Chill+1","Steam+1","Lee's Waffle","Defragment","PreservedInsect","AttackPotion","Defragment","Conserve Battery+1"],"item_purchase_floors":[5,10,10,29,29,29,29,37,37],"items_purged":["Doubt","Strike_B","Strike_B"],"items_purged_floors":[5,29,37],"character_chosen":"DEFECT","card_choices":[{"picked":"The Bomb","not_picked":["Metamorphosis","Mayhem"],"floor":0},{"picked":"Conserve Battery","not_picked":["Reinforced Body","Sweeping Beam"],"floor":1},{"picked":"Ball Lightning","not_picked":["Compile Driver","Reinforced Body"],"floor":7},{"picked":"Hologram","not_picked":["Sweeping Beam","Gash"],"floor":8},{"picked":"Tempest+1","not_picked":["Rebound","Cold Snap"],"floor":12},{"picked":"Seek+1","not_picked":["Meteor Strike","Buffer"],"floor":16},{"picked":"Beam Cell","not_picked":["Rebound","Go for the Eyes"],"floor":18},{"picked":"SKIP","not_picked":["Rip and Tear","Turbo+1","Cold Snap"],"floor":19},{"picked":"Ball Lightning","not_picked":["Hologram+1","Sweeping Beam"],"floor":21},{"picked":"Fusion+1","not_picked":["Double Energy+1","Barrage"],"floor":24},{"picked":"Fusion+1","not_picked":["Barrage","Streamline"],"floor":27},{"picked":"Auto Shields+1","not_picked":["Skim+1","BootSequence+1"],"floor":30},{"picked":"Chaos+1","not_picked":["Cold Snap","Rebound+1"],"floor":31},{"picked":"Core Surge","not_picked":["Hyperbeam","Creative AI"],"floor":33},{"picked":"Consume+1","not_picked":["Go for the Eyes+1","Heatsinks"],"floor":35},{"picked":"Glacier+1","not_picked":["Compile Driver+1","Force Field+1"],"floor":38},{"picked":"Static Discharge","not_picked":["Stack+1","Double Energy+1"],"floor":41}],"event_choices":[{"event_name":"Liars Game","player_choice":"AGREE","floor":2,"cards_obtained":["Doubt"],"cards_removed":null,"cards_transformed":null,"cards_upgraded":null,"relics_obtained":null,"potions_obtained":null,"relics_lost":null,"damage_taken":0,"damage_healed":0,"max_hp_loss":0,"max_hp_gain":0,"gold_gain":175,"gold_loss":0},{"event_name":"Scrap Ooze","player_choice":"Success","floor":3,"cards_obtained":null,"cards_removed":null,"cards_transformed":null,"cards_upgraded":null,"relics_obtained":["Nunchaku"],"potions_obtained":null,"relics_lost":null,"damage_taken":7,"damage_healed":0,"max_hp_loss":0,"max_hp_gain":0,"gold_gain":0,"gold_loss":0},{"event_name":"Living Wall","player_choice":"Grow","floor":13,"cards_obtained":null,"cards_removed":null,"cards_transformed":null,"cards_upgraded":["Hologram"],"relics_obtained":null,"potions_obtained":null,"relics_lost":null,"damage_taken":0,"damage_healed":0,"max_hp_loss":0,"max_hp_gain":0,"gold_gain":0,"gold_loss":0},{"event_name":"Golden Idol","player_choice":"Lose Max HP","floor":14,"cards_obtained":null,"cards_removed":null,"cards_transformed":null,"cards_upgraded":null,"relics_obtained":["Golden Idol"],"potions_obtained":null,"relics_lost":null,"damage_taken":0,"damage_healed":0,"max_hp_loss":5,"max_hp_gain":0,"gold_gain":0,"gold_loss":0},{"event_name":"Cursed Tome","player_choice":"Ignored","floor":20,"cards_obtained":null,"cards_removed":null,"cards_transformed":null,"cards_upgraded":null,"relics_obtained":null,"potions_obtained":null,"relics_lost":null,"damage_taken":0,"damage_healed":0,"max_hp_loss":0,"max_hp_gain":0,"gold_gain":0,"gold_loss":0},{"event_name":"Nest","player_choice":"Stole From Cult","floor":22,"cards_obtained":null,"cards_removed":null,"cards_transformed":null,"cards_upgraded":null,"relics_obtained":null,"potions_obtained":null,"relics_lost":null,"damage_taken":0,"damage_healed":0,"max_hp_loss":0,"max_hp_gain":0,"gold_gain":99,"gold_loss":0},{"event_name":"Lab","player_choice":"Got Potions","floor":36,"cards_obtained":null,"cards_removed":null,"cards_transformed":null,"cards_upgraded":null,"relics_obtained":null,"potions_obtained":null,"relics_lost":null,"damage_taken":0,"damage_healed":0,"max_hp_loss":0,"max_hp_gain":0,"gold_gain":0,"gold_loss":0},{"event_name":"Tomb of Lord Red Mask","player_choice":"Paid","floor":39,"cards_obtained":null,"cards_removed":null,"cards_transformed":null,"cards_upgraded":null,"relics_obtained":["Red Mask"],"potions_obtained":null,"relics_lost":null,"damage_taken":0,"damage_healed":0,"max_hp_loss":0,"max_hp_gain":0,"gold_gain":0,"gold_loss":74}],"boss_relics":[{"picked":"SacredBark","not_picked":["Snecko Eye","Inserter"]},{"picked":"Nuclear Battery","not_picked":["Coffee Dripper","Astrolabe"]}],"damage_taken":[{"floor":1,"enemies":"Small Slimes","damage":8,"turns":3},{"floor":7,"enemies":"3 Sentries","damage":10,"turns":4},{"floor":8,"enemies":"2 Louse","damage":0,"turns":1},{"floor":12,"enemies":"Lagavulin","damage":5,"turns":7},{"floor":16,"enemies":"Hexaghost","damage":22,"turns":8},{"floor":18,"enemies":"Shell Parasite","damage":0,"turns":4},{"floor":19,"enemies":"Chosen","damage":10,"turns":5},{"floor":21,"enemies":"3 Cultists","damage":10,"turns":5},{"floor":24,"enemies":"Slavers","damage":3,"turns":4},{"floor":27,"enemies":"Chosen and Byrds","damage":13,"turns":6},{"floor":30,"enemies":"Sentry and Sphere","damage":0,"turns":5},{"floor":31,"enemies":"Centurion and Healer","damage":17,"turns":6},{"floor":33,"enemies":"Automaton","damage":52,"turns":9},{"floor":35,"enemies":"3 Darklings","damage":38,"turns":3},{"floor":38,"enemies":"3 Shapes","damage":0,"turns":3},{"floor":41,"enemies":"Reptomancer","damage":8,"turns":6},{"floor":46,"enemies":"Giant Head","damage":58,"turns":8}],"potions_obtained":[{"key":"AttackPotion","floor":7},{"key":"FocusPotion","floor":18},{"key":"FocusPotion","floor":31},{"key":"Explosive Potion","floor":33},{"key":"Strength Potion","floor":36},{"key":"Weak Potion","floor":38}],"relics_obtained":[{"key":"Boot","floor":4},{"key":"War Paint","floor":7},{"key":"Toxic Egg 2","floor":9},{"key":"FossilizedHelix","floor":12},{"key":"Shuriken","floor":24},{"key":"StrikeDummy","floor":26},{"key":"Smiling Mask","floor":28},{"key":"Pocketwatch","floor":41},{"key":"White Beast Statue","floor":43},{"key":"Orichalcum","floor":45}],"campfire_choices":[{"floor":6,"key":"SMITH","data":"The Bomb"},{"floor":11,"key":"SMITH","data":"Dualcast"},{"floor":15,"key":"SMITH","data":"Ball Lightning"},{"floor":23,"key":"SMITH","data":"Beam Cell"},{"floor":25,"key":"SMITH","data":"Zap"},{"floor":32,"key":"SMITH","data":"Defragment"},{"floor":40,"key":"REST"},{"floor":42,"key":"SMITH","data":"Defragment"},{"floor":44,"key":"REST"}],"circlet_count":0,"win_rate":0,"killed_by":"Giant Head"}