{"play_id":"e5b512f3-eedf-4571-88f7-37d0499fa4a8","build_version":"2020-01-27","seed_played":"6627360925687578391","chose_seed":false,"seed_source_timestamp":0,"is_daily":false,"special_seed":0,"is_trial":false,"is_endless":false,"is_ascension_mode":true,"ascension_level":12,"neow_bonus":"ONE_RARE_RELIC","neow_cost":"NO_GOLD","is_beta":false,"is_prod":false,"victory":false,"floor_reached":16,"score":186,"timestamp":1708105946,"local_time":"02/16/2024 17:52:26","playtime":473,"player_experience":526063,"master_deck":["AscendersBane","Strike_B","Strike_B","Strike_B","Strike_B","Defend_B","Zap+1","Dualcast+1","Glacier","Injury","Glacier","Reprogram","Leap","Rip and Tear+1","Go for the Eyes"],"relics":["Cracked Core","Du-Vu Doll","Golden Idol","Bird Faced Urn","Happy Flower","Mummified Hand","Bag of Marbles"],"gold":73,"campfire_rested":1,"campfire_upgraded":3,"purchased_purges":1,"potions_floor_spawned":[1,10,12],"potions_floor_usage":[16,16],"current_hp_per_floor":[61,61,54,53,53,53,53,53,53,34,34,6,28,4,4,0],"max_hp_per_floor":[75,75,75,75,75,75,75,75,75,75,75,75,75,75,75,75],"gold_per_floor":[13,13,13,32,32,32,51,51,51,82,7,42,42,73,73,73],"path_per_floor":["M","?","?","M","?","R","M","R","T","E","$","E","R","E","R","B"],"path_taken":["M","?","?","M","?","R","?","R","T","E","$","E","R","E","R","BOSS"],"items_purchased":[],"item_purchase_floors":[],"items_purged":["Defend_B"],"items_purged_floors":[11],"character_chosen":"DEFECT","card_choices":[{"picked":"Glacier","not_picked":["Lockon","Leap"],"floor":1},{"picked":"Glacier","not_picked":["Sweeping Beam","Redo"],"floor":4},{"picked":"Leap","not_picked":["BootSequence","Redo"],"floor":7},{"picked":"Rip and Tear","not_picked":["Hologram","Sunder"],"floor":10},{"picked":"SKIP","not_picked":["Hologram","Streamline","Rebound"],"floor":12},{"picked":"Go for the Eyes","not_picked":["Cold Snap","All For One"],"floor":14}],"event_choices":[{"event_name":"Golden Idol","player_choice":"Take Wound","floor":2,"cards_obtained":["Injury"],"cards_removed":null,"cards_transformed":null,"cards_upgraded":null,"relics_obtained":["Golden Idol"],"potions_obtained":null,"relics_lost":null,"damage_taken":0,"damage_healed":0,"max_hp_loss":0,"max_hp_gain":0,"gold_gain":0,"gold_loss":0},{"event_name":"Golden Wing","player_choice":"Card Removal","floor":3,"cards_obtained":null,"cards_removed":["Defend_B"],"cards_transformed":null,"cards_upgraded":null,"relics_obtained":null,"potions_obtained":null,"relics_lost":null,"damage_taken":7,"damage_healed":0,"max_hp_loss":0,"max_hp_gain":0,"gold_gain":0,"gold_loss":0},{"event_name":"Transmorgrifier","player_choice":"Transformed","floor":5,"cards_obtained":["Reprogram"],"cards_removed":null,"cards_transformed":["Defend_B"],"cards_upgraded":null,"relics_obtained":null,"potions_obtained":null,"relics_lost":null,"damage_taken":0,"damage_healed":0,"max_hp_loss":0,"max_hp_gain":0,"gold_gain":0,"gold_loss":0}],"boss_relics":[],"damage_taken":[{"floor":1,"enemies":"2 Louse","damage":7,"turns":3},{"floor":4,"enemies":"Jaw Worm","damage":1,"turns":3},{"floor":7,"enemies":"Cultist","damage":0,"turns":3},{"floor":10,"enemies":"Gremlin Nob","damage":19,"turns":4},{"floor":12,"enemies":"3 Sentries","damage":28,"turns":9},{"floor":14,"enemies":"Gremlin Nob","damage":24,"turns":4},{"floor":16,"enemies":"Hexaghost","damage":7,"turns":7}],"potions_obtained":[{"key":"SteroidPotion","floor":1},{"key":"Dexterity Potion","floor":10},{"key":"Ancient Potion","floor":12}],"relics_obtained":[{"key":"Bird Faced Urn","floor":9},{"key":"Happy Flower","floor":10},{"key":"Mummified Hand","floor":12},{"key":"Bag of Marbles","floor":14}],"campfire_choices":[{"floor":6,"key":"SMITH","data":"Dualcast"},{"floor":8,"key":"SMITH","data":"Zap"},{"floor":13,"key":"REST"},{"floor":15,"key":"SMITH","data":"Rip and Tear"}],"circlet_count":0,"win_rate":0,"killed_by":"Hexaghost"}