{"play_id":"ca81a3f2-3423-4690-bbc4-93dd1c5ca701","build_version":"2020-01-27","seed_played":"7404700690277321132","chose_seed":false,"seed_source_timestamp":0,"is_daily":false,"special_seed":0,"is_trial":false,"is_endless":false,"is_ascension_mode":true,"ascension_level":12,"neow_bonus":"THREE_ENEMY_KILL","neow_cost":"NONE","is_beta":false,"is_prod":false,"victory":false,"floor_reached":27,"score":448,"timestamp":1708006335,"local_time":"02/15/2024 14:12:15","playtime":881,"player_experience":525182,"master_deck":["AscendersBane","Zap","Dualcast+1","Compile Driver","Rainbow+1","Conserve Battery","Chaos+1","Lockon+1","Compile Driver","Static Discharge","Lockon","Conserve Battery","Buffer","Chill","Electrodynamics","All For One","White Noise","Ball Lightning","Streamline","Capacitor","Defragment","Conserve Battery","Capacitor","Genetic Algorithm"],"relics":["Cracked Core","NeowsBlessing","Smiling Mask","Bag of Preparation","Anchor","FossilizedHelix","Pandora's Box","Nunchaku","Blue Candle","Sundial","Shuriken"],"gold":184,"campfire_rested":0,"campfire_upgraded":4,"purchased_purges":1,"potions_floor_spawned":[5,11,25],"potions_floor_usage":[23,27],"current_hp_per_floor":[68,68,50,39,39,39,39,39,39,39,36,31,31,31,31,16,60,60,46,46,46,46,18,44,19,19,0],"max_hp_per_floor":[75,75,75,75,75,75,75,75,75,75,75,75,75,75,75,75,75,75,80,80,80,80,80,80,80,80,80],"gold_per_floor":[112,112,112,187,198,223,223,233,284,284,298,328,328,146,146,247,247,266,266,266,365,116,150,150,184,184,184],"path_per_floor":["M","?","?","?","M","E","R","M","T","R","M","E","R","$","R","B","ul","M","?","?","?","$","E","?","E","T","M"],"path_taken":["M","?","?","?","?","E","R","?","T","R","M","E","R","$","R","BOSS","M","?","?","?","?","E","?","E","T","M"],"items_purchased":["Lockon","Conserve Battery","Defragment","Conserve Battery","Nunchaku"],"item_purchase_floors":[14,14,22,22,22],"items_purged":["Strike_B"],"items_purged_floors":[14],"character_chosen":"DEFECT","card_choices":[{"picked":"Compile Driver","not_picked":["Hologram","Self Repair"],"floor":1},{"picked":"Conserve Battery","not_picked":["Stack","Hello World"],"floor":5},{"picked":"Chaos","not_picked":["Redo","Beam Cell"],"floor":6},{"picked":"Lockon","not_picked":["Hologram","Coolheaded"],"floor":8},{"picked":"Compile Driver","not_picked":["Gash","Barrage"],"floor":11},{"picked":"Static Discharge","not_picked":["Go for the Eyes","Steam Power"],"floor":12},{"picked":"Buffer","not_picked":["Machine Learning","All For One"],"floor":16},{"picked":"Capacitor","not_picked":["Cold Snap+1","Sunder"],"floor":18},{"picked":"Capacitor","not_picked":["Storm","Rebound"],"floor":23},{"picked":"Genetic Algorithm","not_picked":["Hologram","Sweeping Beam"],"floor":25}],"event_choices":[{"event_name":"Living Wall","player_choice":"Change","floor":2,"cards_obtained":["Rainbow"],"cards_removed":null,"cards_transformed":["Defend_B"],"cards_upgraded":null,"relics_obtained":null,"potions_obtained":null,"relics_lost":null,"damage_taken":0,"damage_healed":0,"max_hp_loss":0,"max_hp_gain":0,"gold_gain":0,"gold_loss":0},{"event_name":"Scrap Ooze","player_choice":"Success","floor":3,"cards_obtained":null,"cards_removed":null,"cards_transformed":null,"cards_upgraded":null,"relics_obtained":["Smiling Mask"],"potions_obtained":null,"relics_lost":null,"damage_taken":18,"damage_healed":0,"max_hp_loss":0,"max_hp_gain":0,"gold_gain":0,"gold_loss":0},{"event_name":"World of Goop","player_choice":"Gather Gold","floor":4,"cards_obtained":null,"cards_removed":null,"cards_transformed":null,"cards_upgraded":null,"relics_obtained":null,"potions_obtained":null,"relics_lost":null,"damage_taken":11,"damage_healed":0,"max_hp_loss":0,"max_hp_gain":0,"gold_gain":75,"gold_loss":0},{"event_name":"Forgotten Altar","player_choice":"Shed Blood","floor":19,"cards_obtained":null,"cards_removed":null,"cards_transformed":null,"cards_upgraded":null,"relics_obtained":null,"potions_obtained":null,"relics_lost":null,"damage_taken":19,"damage_healed":0,"max_hp_loss":0,"max_hp_gain":5,"gold_gain":0,"gold_loss":0},{"event_name":"Ghosts","player_choice":"Ignored","floor":20,"cards_obtained":null,"cards_removed":null,"cards_transformed":null,"cards_upgraded":null,"relics_obtained":null,"potions_obtained":null,"relics_lost":null,"damage_taken":0,"damage_healed":0,"max_hp_loss":0,"max_hp_gain":0,"gold_gain":0,"gold_loss":0},{"event_name":"Nest","player_choice":"Stole From Cult","floor":21,"cards_obtained":null,"cards_removed":null,"cards_transformed":null,"cards_upgraded":null,"relics_obtained":null,"potions_obtained":null,"relics_lost":null,"damage_taken":0,"damage_healed":0,"max_hp_loss":0,"max_hp_gain":0,"gold_gain":99,"gold_loss":0},{"event_name":"The Library","player_choice":"Heal","floor":24,"cards_obtained":null,"cards_removed":null,"cards_transformed":null,"cards_upgraded":null,"relics_obtained":null,"potions_obtained":null,"relics_lost":null,"damage_taken":0,"damage_healed":26,"max_hp_loss":0,"max_hp_gain":0,"gold_gain":0,"gold_loss":0}],"boss_relics":[{"picked":"Pandora's Box","not_picked":["Fusion Hammer","Coffee Dripper"]}],"damage_taken":[{"floor":1,"enemies":"Small Slimes","damage":0,"turns":1},{"floor":5,"enemies":"2 Louse","damage":0,"turns":1},{"floor":6,"enemies":"Lagavulin","damage":0,"turns":1},{"floor":8,"enemies":"Jaw Worm","damage":0,"turns":4},{"floor":11,"enemies":"Gremlin Gang","damage":3,"turns":4},{"floor":12,"enemies":"Gremlin Nob","damage":5,"turns":3},{"floor":16,"enemies":"The Guardian","damage":15,"turns":8},{"floor":18,"enemies":"Shell Parasite","damage":0,"turns":4},{"floor":23,"enemies":"Book of Stabbing","damage":28,"turns":4},{"floor":25,"enemies":"Gremlin Leader","damage":25,"turns":4},{"floor":27,"enemies":"Spheric Guardian","damage":22,"turns":5}],"potions_obtained":[{"key":"Energy Potion","floor":5},{"key":"SpeedPotion","floor":11},{"key":"Swift Potion","floor":25}],"relics_obtained":[{"key":"Bag of Preparation","floor":6},{"key":"Anchor","floor":9},{"key":"FossilizedHelix","floor":12},{"key":"Blue Candle","floor":23},{"key":"Sundial","floor":25},{"key":"Shuriken","floor":26}],"campfire_choices":[{"floor":7,"key":"SMITH","data":"Chaos"},{"floor":10,"key":"SMITH","data":"Dualcast"},{"floor":13,"key":"SMITH","data":"Lockon"},{"floor":15,"key":"SMITH","data":"Rainbow"}],"circlet_count":0,"win_rate":0,"killed_by":"Spheric Guardian"}