{"play_id":"e6e87496-9076-42a9-b7c6-5fd9a200010d","build_version":"2020-01-27","seed_played":"-4666513799717147894","chose_seed":false,"seed_source_timestamp":784520902253,"is_daily":false,"special_seed":null,"is_trial":false,"is_endless":false,"is_ascension_mode":true,"ascension_level":12,"neow_bonus":"THREE_ENEMY_KILL","neow_cost":"NONE","is_beta":false,"is_prod":false,"victory":false,"floor_reached":16,"score":200,"timestamp":1708471538,"local_time":"02/20/2024 23:25:38","playtime":380,"player_experience":536174,"master_deck":["AscendersBane","Strike_B","Strike_B","Strike_B","Defend_B","Defend_B","Zap","Dualcast+1","Tempest+1","Cold Snap","Chaos+1","Echo Form","Static Discharge","Auto Shields","Ball Lightning"],"relics":["Cracked Core","NeowsBlessing","Golden Idol","MawBank","Prayer Wheel"],"gold":347,"campfire_rested":0,"campfire_upgraded":3,"purchased_purges":0,"potions_floor_spawned":[1,3,13],"potions_floor_usage":[12,13],"current_hp_per_floor":[68,68,68,68,50,50,39,39,39,39,39,39,30,23,23,0],"max_hp_per_floor":[75,75,75,75,75,75,75,75,75,75,75,75,75,75,75,75],"gold_per_floor":[111,111,121,71,71,71,146,146,173,216,252,278,311,323,335,347],"path_per_floor":["M","?","M","?","?","R","?","R","T","E","M","M","M","?","R","B"],"path_taken":["M","?","M","?","?","R","?","R","T","E","M","M","M","?","R","BOSS"],"items_purchased":[],"item_purchase_floors":[],"items_purged":[],"items_purged_floors":[],"character_chosen":"DEFECT","card_choices":[{"picked":"Tempest","not_picked":["Streamline","Compile Driver"],"floor":1},{"picked":"SKIP","not_picked":["Turbo","Stack","Recycle"],"floor":3},{"picked":"Cold Snap","not_picked":["Leap","Steam"],"floor":10},{"picked":"Chaos","not_picked":["Conserve Battery","Fusion"],"floor":11},{"picked":"SKIP","not_picked":["Echo Form","Coolheaded","Genetic Algorithm"],"floor":11},{"picked":"Echo Form","not_picked":["Coolheaded","Genetic Algorithm"],"floor":11},{"picked":"Static Discharge","not_picked":["Stack","Steam"],"floor":12},{"picked":"Auto Shields","not_picked":["Coolheaded","FTL"],"floor":12},{"picked":"Ball Lightning","not_picked":["Tempest","Melter"],"floor":13},{"picked":"SKIP","not_picked":["Barrage","Gash","Sweeping Beam"],"floor":13}],"event_choices":[{"event_name":"Living Wall","player_choice":"Forget","floor":2,"cards_obtained":null,"cards_removed":["Strike_B"],"cards_transformed":null,"cards_upgraded":null,"relics_obtained":null,"potions_obtained":null,"relics_lost":null,"damage_taken":0,"damage_healed":0,"max_hp_loss":0,"max_hp_gain":0,"gold_gain":0,"gold_loss":0},{"event_name":"The Cleric","player_choice":"Card Removal","floor":4,"cards_obtained":null,"cards_removed":["Defend_B"],"cards_transformed":null,"cards_upgraded":null,"relics_obtained":null,"potions_obtained":null,"relics_lost":null,"damage_taken":0,"damage_healed":0,"max_hp_loss":0,"max_hp_gain":0,"gold_gain":0,"gold_loss":50},{"event_name":"Golden Idol","player_choice":"Take Damage","floor":5,"cards_obtained":null,"cards_removed":null,"cards_transformed":null,"cards_upgraded":null,"relics_obtained":["Golden Idol"],"potions_obtained":null,"relics_lost":null,"damage_taken":18,"damage_healed":0,"max_hp_loss":0,"max_hp_gain":0,"gold_gain":0,"gold_loss":0},{"event_name":"World of Goop","player_choice":"Gather Gold","floor":7,"cards_obtained":null,"cards_removed":null,"cards_transformed":null,"cards_upgraded":null,"relics_obtained":null,"potions_obtained":null,"relics_lost":null,"damage_taken":11,"damage_healed":0,"max_hp_loss":0,"max_hp_gain":0,"gold_gain":75,"gold_loss":0},{"event_name":"Golden Wing","player_choice":"Card Removal","floor":14,"cards_obtained":null,"cards_removed":["Defend_B"],"cards_transformed":null,"cards_upgraded":null,"relics_obtained":null,"potions_obtained":null,"relics_lost":null,"damage_taken":7,"damage_healed":0,"max_hp_loss":0,"max_hp_gain":0,"gold_gain":0,"gold_loss":0}],"boss_relics":[],"damage_taken":[{"floor":1,"enemies":"Jaw Worm","damage":0,"turns":1},{"floor":3,"enemies":"Small Slimes","damage":0,"turns":1},{"floor":10,"enemies":"3 Sentries","damage":0,"turns":1},{"floor":11,"enemies":"2 Louse","damage":0,"turns":1},{"floor":12,"enemies":"Looter","damage":0,"turns":2},{"floor":13,"enemies":"2 Fungi Beasts","damage":9,"turns":3},{"floor":16,"enemies":"Slime Boss","damage":30,"turns":6}],"potions_obtained":[{"key":"Block Potion","floor":1},{"key":"AttackPotion","floor":3},{"key":"SteroidPotion","floor":13}],"relics_obtained":[{"key":"MawBank","floor":9},{"key":"Prayer Wheel","floor":10}],"campfire_choices":[{"floor":6,"key":"SMITH","data":"Tempest"},{"floor":8,"key":"SMITH","data":"Dualcast"},{"floor":15,"key":"SMITH","data":"Chaos"}],"circlet_count":0,"win_rate":0,"killed_by":"Slime Boss"}