{"play_id":"95b2e2cd-c39d-45d3-9ad3-0a0025744618","build_version":"2020-01-27","seed_played":"-826090205844330729","chose_seed":false,"seed_source_timestamp":2718712844768,"is_daily":false,"special_seed":null,"is_trial":false,"is_endless":false,"is_ascension_mode":true,"ascension_level":12,"neow_bonus":"RANDOM_COLORLESS_2","neow_cost":"PERCENT_DAMAGE","is_beta":false,"is_prod":false,"victory":false,"floor_reached":14,"score":147,"timestamp":1708914780,"local_time":"02/26/2024 02:33:00","playtime":697,"player_experience":552577,"master_deck":["AscendersBane","Strike_B","Strike_B","Defend_B","Defend_B","Defend_B","Zap","Dualcast","Master of Strategy","Cold Snap","Redo","Static Discharge+1","Coolheaded","Melter","Auto Shields","Thunder Strike+1"],"relics":["Cracked Core","Happy Flower","Pear"],"gold":88,"campfire_rested":0,"campfire_upgraded":2,"purchased_purges":1,"potions_floor_spawned":[5,6,12],"potions_floor_usage":[6,12],"current_hp_per_floor":[49,49,45,42,35,19,12,12,22,16,16,14,14,0],"max_hp_per_floor":[75,75,75,75,75,75,75,75,85,85,85,85,85,85],"gold_per_floor":[111,36,46,64,78,104,104,54,54,70,70,88,88,88],"path_per_floor":["M","$","M","M","M","E","?","?","T","M","R","M","R","E"],"path_taken":["M","$","M","?","M","E","?","?","T","M","R","M","R","E"],"items_purchased":[],"item_purchase_floors":[],"items_purged":["Strike_B"],"items_purged_floors":[2],"character_chosen":"DEFECT","card_choices":[{"picked":"Master of Strategy","not_picked":["Secret Weapon","Magnetism"],"floor":0},{"picked":"Cold Snap","not_picked":["Compile Driver","Leap"],"floor":1},{"picked":"Redo","not_picked":["Leap","Rebound"],"floor":3},{"picked":"Static Discharge","not_picked":["Rebound","Sweeping Beam"],"floor":4},{"picked":"Coolheaded","not_picked":["Conserve Battery","Streamline"],"floor":5},{"picked":"Melter","not_picked":["Barrage","Leap"],"floor":6},{"picked":"Auto Shields","not_picked":["Rebound","Reprogram"],"floor":10},{"picked":"Thunder Strike","not_picked":["Self Repair","Turbo"],"floor":12}],"event_choices":[{"event_name":"Golden Wing","player_choice":"Card Removal","floor":7,"cards_obtained":null,"cards_removed":["Strike_B"],"cards_transformed":null,"cards_upgraded":null,"relics_obtained":null,"potions_obtained":null,"relics_lost":null,"damage_taken":7,"damage_healed":0,"max_hp_loss":0,"max_hp_gain":0,"gold_gain":0,"gold_loss":0},{"event_name":"The Cleric","player_choice":"Card Removal","floor":8,"cards_obtained":null,"cards_removed":["Defend_B"],"cards_transformed":null,"cards_upgraded":null,"relics_obtained":null,"potions_obtained":null,"relics_lost":null,"damage_taken":0,"damage_healed":0,"max_hp_loss":0,"max_hp_gain":0,"gold_gain":0,"gold_loss":50}],"boss_relics":[],"damage_taken":[{"floor":1,"enemies":"Cultist","damage":1,"turns":3},{"floor":3,"enemies":"Jaw Worm","damage":4,"turns":4},{"floor":4,"enemies":"2 Louse","damage":3,"turns":3},{"floor":5,"enemies":"Looter","damage":7,"turns":4},{"floor":6,"enemies":"Lagavulin","damage":16,"turns":7},{"floor":10,"enemies":"2 Fungi Beasts","damage":6,"turns":4},{"floor":12,"enemies":"Large Slime","damage":2,"turns":5},{"floor":14,"enemies":"3 Sentries","damage":15,"turns":2}],"potions_obtained":[{"key":"Fire Potion","floor":5},{"key":"ColorlessPotion","floor":6},{"key":"CultistPotion","floor":12}],"relics_obtained":[{"key":"Happy Flower","floor":6},{"key":"Pear","floor":9}],"campfire_choices":[{"floor":11,"key":"SMITH","data":"Static Discharge"},{"floor":13,"key":"SMITH","data":"Thunder Strike"}],"circlet_count":0,"win_rate":0,"killed_by":"3 Sentries"}