{"play_id":"b5ee07f9-9c6d-452f-9079-c7204dd89eb8","build_version":"2020-01-27","seed_played":"7809735276537074813","chose_seed":false,"seed_source_timestamp":947729356200,"is_daily":false,"special_seed":null,"is_trial":false,"is_endless":false,"is_ascension_mode":true,"ascension_level":12,"neow_bonus":"TEN_PERCENT_HP_BONUS","neow_cost":"NONE","is_beta":false,"is_prod":false,"victory":false,"floor_reached":16,"score":179,"timestamp":1708263385,"local_time":"02/18/2024 13:36:25","playtime":544,"player_experience":528157,"master_deck":["AscendersBane","Strike_B+1","Strike_B","Defend_B","Defend_B","Defend_B","Zap","Dualcast","White Noise+1","Static Discharge","Biased Cognition","Lockon+1","Lockon"],"relics":["Cracked Core","Bottled Tornado","Bag of Marbles","Whetstone"],"gold":5,"campfire_rested":2,"campfire_upgraded":1,"purchased_purges":2,"potions_floor_spawned":[1,6,10,12],"potions_floor_usage":[6,10,13,16,16],"current_hp_per_floor":[75,75,75,67,67,38,4,28,28,13,37,22,16,16,16,0],"max_hp_per_floor":[82,82,82,82,82,82,82,82,82,82,82,82,82,82,82,82],"gold_per_floor":[117,136,136,152,9,35,49,49,102,132,132,145,156,5,5,5],"path_per_floor":["M","M","?","M","$","E","M","R","T","E","R","M","M","$","R","B"],"path_taken":["M","M","?","?","$","E","M","R","T","E","R","M","M","?","R","BOSS"],"items_purchased":["Lockon","ColorlessPotion"],"item_purchase_floors":[5,14],"items_purged":["Defend_B","Strike_B"],"items_purged_floors":[5,14],"character_chosen":"DEFECT","card_choices":[{"picked":"White Noise","not_picked":["FTL","Coolheaded"],"floor":1},{"picked":"Static Discharge","not_picked":["Gash","Fusion"],"floor":2},{"picked":"SKIP","not_picked":["Coolheaded","Heatsinks","Chaos"],"floor":4},{"picked":"SKIP","not_picked":["Recycle","Hologram","Reprogram"],"floor":6},{"picked":"SKIP","not_picked":["Aggregate","Rebound","Barrage"],"floor":7},{"picked":"SKIP","not_picked":["Compile Driver","Barrage","Streamline"],"floor":10},{"picked":"Lockon","not_picked":["Stack","Capacitor"],"floor":12},{"picked":"SKIP","not_picked":["Coolheaded","Blizzard","Beam Cell"],"floor":13}],"event_choices":[{"event_name":"Transmorgrifier","player_choice":"Transformed","floor":3,"cards_obtained":["Biased Cognition"],"cards_removed":null,"cards_transformed":["Strike_B"],"cards_upgraded":null,"relics_obtained":null,"potions_obtained":null,"relics_lost":null,"damage_taken":0,"damage_healed":0,"max_hp_loss":0,"max_hp_gain":0,"gold_gain":0,"gold_loss":0}],"boss_relics":[],"damage_taken":[{"floor":1,"enemies":"Small Slimes","damage":0,"turns":3},{"floor":2,"enemies":"Cultist","damage":0,"turns":3},{"floor":4,"enemies":"2 Louse","damage":8,"turns":2},{"floor":6,"enemies":"Gremlin Nob","damage":29,"turns":4},{"floor":7,"enemies":"Lots of Slimes","damage":34,"turns":3},{"floor":10,"enemies":"3 Sentries","damage":15,"turns":5},{"floor":12,"enemies":"2 Fungi Beasts","damage":15,"turns":3},{"floor":13,"enemies":"Exordium Wildlife","damage":6,"turns":3},{"floor":16,"enemies":"The Guardian","damage":18,"turns":6}],"potions_obtained":[{"key":"SpeedPotion","floor":1},{"key":"PowerPotion","floor":6},{"key":"Weak Potion","floor":10},{"key":"AttackPotion","floor":12}],"relics_obtained":[{"key":"Bottled Tornado","floor":6},{"key":"Bag of Marbles","floor":9},{"key":"Whetstone","floor":10}],"campfire_choices":[{"floor":8,"key":"REST"},{"floor":11,"key":"REST"},{"floor":15,"key":"SMITH","data":"White Noise"}],"circlet_count":0,"win_rate":0,"killed_by":"The Guardian"}