{"play_id":"8fe64a2b-6925-4754-9f66-afcaeb1159ba","build_version":"2020-01-27","seed_played":"-7117357807275469091","chose_seed":false,"seed_source_timestamp":0,"is_daily":false,"special_seed":0,"is_trial":false,"is_endless":false,"is_ascension_mode":true,"ascension_level":12,"neow_bonus":"RANDOM_COLORLESS_2","neow_cost":"PERCENT_DAMAGE","is_beta":false,"is_prod":false,"victory":false,"floor_reached":50,"score":944,"timestamp":1708439514,"local_time":"02/20/2024 14:31:54","playtime":2715,"player_experience":533229,"master_deck":["AscendersBane","Zap","Dualcast+1","HandOfGreed+1","Ball Lightning+1","Lockon+1","Core Surge","Darkness+1","Beam Cell","Echo Form","Static Discharge+1","Core Surge+1","Ball Lightning+1","Capacitor","Defragment+1"],"relics":["Cracked Core","Nunchaku","Anchor","Singing Bowl","Bird Faced Urn","Pandora's Box","Nilry's Codex","Mummified Hand","Mercury Hourglass","Lantern","Happy Flower","Potion Belt","Bronze Scales","Bottled Lightning","Nuclear Battery","Thread and Needle","HandDrill","Gremlin Horn","Kunai","Whetstone"],"gold":163,"campfire_rested":5,"campfire_upgraded":5,"purchased_purges":2,"potions_floor_spawned":[2,11,12,14,16,18,29,33,38,42,44],"potions_floor_usage":[47,50,50,50],"current_hp_per_floor":[38,38,38,38,38,38,13,13,13,35,31,33,33,17,17,4,60,60,44,44,44,43,43,51,51,51,17,43,36,36,19,47,9,73,67,67,67,48,48,48,36,13,13,21,51,51,56,56,86,0],"max_hp_per_floor":[75,75,75,75,75,75,75,75,75,75,77,79,79,79,79,79,79,81,81,81,81,83,83,85,85,85,87,87,89,89,94,94,94,94,94,94,94,94,94,94,96,98,98,100,100,100,102,102,102,102],"gold_per_floor":[150,182,182,107,107,107,142,178,252,252,316,354,304,334,334,455,455,500,500,500,6,43,43,68,68,92,147,147,177,177,177,177,276,276,321,596,7,19,19,19,35,91,91,105,105,105,118,163,163,163],"path_per_floor":["M","M","?","$","T","R","E","M","T","R","M","M","?","E","R","B","ul","M","?","?","$","M","R","E","R","T","E","R","E","T","?","R","B","ul","M","?","$","M","$","R","M","E","T","M","R","?","M","T","R","B"],"path_taken":["M","M","?","$","?","R","E","?","T","R","M","M","?","E","R","BOSS","M","?","?","$","M","R","E","R","T","E","R","E","?","?","R","BOSS","M","?","$","?","$","R","M","E","T","M","R","?","M","?","R","BOSS"],"items_purchased":["Mummified Hand","Mercury Hourglass","Thread and Needle","HandDrill","Capacitor"],"item_purchase_floors":[21,21,37,37,37],"items_purged":["Strike_B","Regret"],"items_purged_floors":[4,37],"character_chosen":"DEFECT","card_choices":[{"picked":"HandOfGreed","not_picked":["Master of Strategy","Panache"],"floor":0},{"picked":"Ball Lightning","not_picked":["Melter","Reprogram"],"floor":1},{"picked":"Ball Lightning","not_picked":["Stack","White Noise"],"floor":2},{"picked":"SKIP","not_picked":["Turbo","Cold Snap","Hyperbeam"],"floor":7},{"picked":"SKIP","not_picked":["Steam","Reinforced Body","Go for the Eyes"],"floor":8},{"picked":"Singing Bowl","not_picked":["Cold Snap","Barrage","Aggregate"],"floor":11},{"picked":"Singing Bowl","not_picked":["Steam Power","Consume","Steam"],"floor":12},{"picked":"Lockon","not_picked":["Beam Cell","Compile Driver"],"floor":14},{"picked":"Core Surge","not_picked":["Machine Learning","Hyperbeam"],"floor":16},{"picked":"Singing Bowl","not_picked":["Recycle","Steam","Stack"],"floor":18},{"picked":"Singing Bowl","not_picked":["Hologram","Turbo","Sweeping Beam"],"floor":22},{"picked":"Singing Bowl","not_picked":["Conserve Battery","Turbo","Coolheaded"],"floor":24},{"picked":"Singing Bowl","not_picked":["Leap","Double Energy","Streamline"],"floor":27},{"picked":"Singing Bowl","not_picked":["Skim","Beam Cell","Steam"],"floor":29},{"picked":"Core Surge","not_picked":["Hyperbeam","Machine Learning"],"floor":33},{"picked":"Ball Lightning+1","not_picked":["BootSequence+1","Turbo"],"floor":35},{"picked":"Defragment+1","not_picked":["Stack","Ball Lightning+1"],"floor":38},{"picked":"Singing Bowl","not_picked":["Sweeping Beam+1","Compile Driver","Heatsinks+1"],"floor":41},{"picked":"Singing Bowl","not_picked":["Force Field","Fission","Tempest"],"floor":42},{"picked":"Singing Bowl","not_picked":["Auto Shields","Chill","Coolheaded"],"floor":44},{"picked":"Singing Bowl","not_picked":["Conserve Battery+1","Coolheaded","Cold Snap"],"floor":47}],"event_choices":[{"event_name":"Bonfire Elementals","player_choice":"Offered Basic","floor":3,"cards_obtained":null,"cards_removed":["Strike_B"],"cards_transformed":null,"cards_upgraded":null,"relics_obtained":null,"potions_obtained":null,"relics_lost":null,"damage_taken":0,"damage_healed":0,"max_hp_loss":0,"max_hp_gain":0,"gold_gain":0,"gold_loss":0},{"event_name":"The Cleric","player_choice":"Card Removal","floor":13,"cards_obtained":null,"cards_removed":["Strike_B"],"cards_transformed":null,"cards_upgraded":null,"relics_obtained":null,"potions_obtained":null,"relics_lost":null,"damage_taken":0,"damage_healed":0,"max_hp_loss":0,"max_hp_gain":0,"gold_gain":0,"gold_loss":50},{"event_name":"Cursed Tome","player_choice":"Obtained Book","floor":19,"cards_obtained":null,"cards_removed":null,"cards_transformed":null,"cards_upgraded":null,"relics_obtained":null,"potions_obtained":null,"relics_lost":null,"damage_taken":16,"damage_healed":0,"max_hp_loss":0,"max_hp_gain":0,"gold_gain":0,"gold_loss":0},{"event_name":"Back to Basics","player_choice":"Elegance","floor":20,"cards_obtained":null,"cards_removed":["Streamline"],"cards_transformed":null,"cards_upgraded":null,"relics_obtained":null,"potions_obtained":null,"relics_lost":null,"damage_taken":0,"damage_healed":0,"max_hp_loss":0,"max_hp_gain":0,"gold_gain":0,"gold_loss":0},{"event_name":"Forgotten Altar","player_choice":"Shed Blood","floor":31,"cards_obtained":null,"cards_removed":null,"cards_transformed":null,"cards_upgraded":null,"relics_obtained":null,"potions_obtained":null,"relics_lost":null,"damage_taken":22,"damage_healed":0,"max_hp_loss":0,"max_hp_gain":5,"gold_gain":0,"gold_loss":0},{"event_name":"Golden Shrine","player_choice":"Desecrate","floor":36,"cards_obtained":["Regret"],"cards_removed":null,"cards_transformed":null,"cards_upgraded":null,"relics_obtained":null,"potions_obtained":null,"relics_lost":null,"damage_taken":0,"damage_healed":0,"max_hp_loss":0,"max_hp_gain":0,"gold_gain":275,"gold_loss":0},{"event_name":"Falling","player_choice":"Removed Attack","floor":46,"cards_obtained":null,"cards_removed":["Ball Lightning"],"cards_transformed":null,"cards_upgraded":null,"relics_obtained":null,"potions_obtained":null,"relics_lost":null,"damage_taken":0,"damage_healed":0,"max_hp_loss":0,"max_hp_gain":0,"gold_gain":0,"gold_loss":0}],"boss_relics":[{"picked":"Pandora's Box","not_picked":["Black Star","Velvet Choker"]},{"picked":"Nuclear Battery","not_picked":["Inserter","Philosopher's Stone"]}],"damage_taken":[{"floor":1,"enemies":"Small Slimes","damage":12,"turns":4},{"floor":2,"enemies":"Cultist","damage":0,"turns":3},{"floor":7,"enemies":"Lagavulin","damage":25,"turns":4},{"floor":8,"enemies":"Jaw Worm","damage":0,"turns":4},{"floor":11,"enemies":"Exordium Thugs","damage":6,"turns":3},{"floor":12,"enemies":"2 Fungi Beasts","damage":0,"turns":2},{"floor":14,"enemies":"Gremlin Nob","damage":16,"turns":3},{"floor":16,"enemies":"Slime Boss","damage":13,"turns":7},{"floor":18,"enemies":"3 Byrds","damage":8,"turns":4},{"floor":22,"enemies":"Spheric Guardian","damage":11,"turns":3},{"floor":24,"enemies":"Gremlin Leader","damage":0,"turns":6},{"floor":27,"enemies":"Slavers","damage":40,"turns":3},{"floor":29,"enemies":"Book of Stabbing","damage":15,"turns":3},{"floor":33,"enemies":"Automaton","damage":48,"turns":5},{"floor":35,"enemies":"Orb Walker","damage":6,"turns":2},{"floor":38,"enemies":"3 Darklings","damage":23,"turns":3},{"floor":41,"enemies":"Spire Growth","damage":24,"turns":3},{"floor":42,"enemies":"Reptomancer","damage":33,"turns":4},{"floor":44,"enemies":"Transient","damage":0,"turns":5},{"floor":47,"enemies":"3 Darklings","damage":5,"turns":3},{"floor":50,"enemies":"Donu and Deca","damage":102,"turns":4}],"potions_obtained":[{"key":"AttackPotion","floor":2},{"key":"Explosive Potion","floor":11},{"key":"PowerPotion","floor":12},{"key":"Strength Potion","floor":14},{"key":"Block Potion","floor":16},{"key":"GamblersBrew","floor":18},{"key":"Energy Potion","floor":29},{"key":"Energy Potion","floor":33},{"key":"FearPotion","floor":38},{"key":"LiquidMemories","floor":42},{"key":"ColorlessPotion","floor":44}],"relics_obtained":[{"key":"Nunchaku","floor":5},{"key":"Anchor","floor":7},{"key":"Singing Bowl","floor":9},{"key":"Bird Faced Urn","floor":14},{"key":"Nilry's Codex","floor":19},{"key":"Lantern","floor":24},{"key":"Happy Flower","floor":26},{"key":"Potion Belt","floor":27},{"key":"Bronze Scales","floor":29},{"key":"Bottled Lightning","floor":30},{"key":"Gremlin Horn","floor":42},{"key":"Kunai","floor":43},{"key":"Whetstone","floor":48}],"campfire_choices":[{"floor":6,"key":"SMITH","data":"HandOfGreed"},{"floor":10,"key":"REST"},{"floor":15,"key":"SMITH","data":"Lockon"},{"floor":23,"key":"SMITH","data":"Darkness"},{"floor":25,"key":"SMITH","data":"Dualcast"},{"floor":28,"key":"REST"},{"floor":32,"key":"REST"},{"floor":40,"key":"SMITH","data":"Static Discharge"},{"floor":45,"key":"REST"},{"floor":49,"key":"REST"}],"circlet_count":0,"win_rate":0,"killed_by":"Donu and Deca"}