{"play_id":"4dd35a6e-eddb-4d4d-834f-0878350d06b0","build_version":"2020-01-27","seed_played":"1954252322737988237","chose_seed":false,"seed_source_timestamp":2129454882062,"is_daily":false,"special_seed":null,"is_trial":false,"is_endless":false,"is_ascension_mode":true,"ascension_level":12,"neow_bonus":"TRANSFORM_CARD","neow_cost":"NONE","is_beta":false,"is_prod":false,"victory":false,"floor_reached":23,"score":341,"timestamp":1708812649,"local_time":"02/24/2024 22:10:49","playtime":1468,"player_experience":548283,"master_deck":["AscendersBane","Strike_B","Strike_B","Defend_B","Defend_B","Zap","Dualcast","Go for the Eyes","Coolheaded","Injury","Ball Lightning+1","Lockon+1","Chill","Glacier","Static Discharge+1","Steam","Lockon","Self Repair+1","Glacier","Thunder Strike","Loop+1","Reboot+1","Chill+1","Blizzard+1","Conserve Battery+1","Static Discharge+1","Defragment+1"],"relics":["Cracked Core","Golden Idol","Lantern","Omamori","Dream Catcher","Frozen Egg 2","Astrolabe"],"gold":261,"campfire_rested":1,"campfire_upgraded":2,"purchased_purges":0,"potions_floor_spawned":[3,6,11,13,18,22],"potions_floor_usage":[8,11,14,20,21],"current_hp_per_floor":[68,68,64,64,57,40,40,6,6,6,6,28,17,21,21,15,60,47,47,44,35,29,0],"max_hp_per_floor":[75,75,75,75,75,75,75,75,75,75,75,75,75,75,75,75,75,75,75,75,75,75,75],"gold_per_floor":[118,118,141,241,266,309,309,350,375,11,11,11,31,56,56,184,184,198,198,218,243,261,261],"path_per_floor":["M","?","M","?","M","E","R","E","T","$","E","R","M","M","R","B",null,"M","?","M","M","M","E"],"path_taken":["M","?","M","?","?","E","R","E","T","$","E","R","M","M","R","BOSS","M","?","?","M","M","E"],"items_purchased":["Frozen Egg 2","Static Discharge+1","Steam"],"item_purchase_floors":[10,10,10],"items_purged":[],"items_purged_floors":[],"character_chosen":"DEFECT","card_choices":[{"picked":"Coolheaded","not_picked":["Rebound","Steam"],"floor":1},{"picked":"Ball Lightning","not_picked":["Barrage","Go for the Eyes"],"floor":3},{"picked":"Lockon","not_picked":["Gash","Sweeping Beam"],"floor":5},{"picked":"Chill","not_picked":["Conserve Battery","Turbo"],"floor":6},{"picked":"Glacier","not_picked":["Coolheaded","Beam Cell"],"floor":8},{"picked":"Lockon","not_picked":["Fission","Sweeping Beam"],"floor":12},{"picked":"Self Repair+1","not_picked":["Go for the Eyes","Rebound"],"floor":13},{"picked":"Glacier","not_picked":["Darkness","Go for the Eyes"],"floor":14},{"picked":"Thunder Strike","not_picked":["Hyperbeam","Meteor Strike"],"floor":16},{"picked":"Blizzard+1","not_picked":["Conserve Battery","Leap"],"floor":18},{"picked":"Conserve Battery+1","not_picked":["Hello World+1","Redo"],"floor":20},{"picked":"Static Discharge+1","not_picked":["Melter","Compile Driver"],"floor":21},{"picked":"Defragment+1","not_picked":["Go for the Eyes","Coolheaded+1"],"floor":22}],"event_choices":[{"event_name":"Golden Idol","player_choice":"Take Wound","floor":2,"cards_obtained":["Injury"],"cards_removed":null,"cards_transformed":null,"cards_upgraded":null,"relics_obtained":["Golden Idol"],"potions_obtained":null,"relics_lost":null,"damage_taken":0,"damage_healed":0,"max_hp_loss":0,"max_hp_gain":0,"gold_gain":0,"gold_loss":0},{"event_name":"Wheel of Change","player_choice":"Gold","floor":4,"cards_obtained":null,"cards_removed":null,"cards_transformed":null,"cards_upgraded":null,"relics_obtained":null,"potions_obtained":null,"relics_lost":null,"damage_taken":0,"damage_healed":0,"max_hp_loss":0,"max_hp_gain":0,"gold_gain":100,"gold_loss":0},{"event_name":"Lab","player_choice":"Got Potions","floor":19,"cards_obtained":null,"cards_removed":null,"cards_transformed":null,"cards_upgraded":null,"relics_obtained":null,"potions_obtained":null,"relics_lost":null,"damage_taken":0,"damage_healed":0,"max_hp_loss":0,"max_hp_gain":0,"gold_gain":0,"gold_loss":0}],"boss_relics":[{"picked":"Astrolabe","not_picked":["Philosopher's Stone","Runic Dome"]}],"damage_taken":[{"floor":1,"enemies":"Cultist","damage":0,"turns":4},{"floor":3,"enemies":"2 Louse","damage":4,"turns":3},{"floor":5,"enemies":"Jaw Worm","damage":7,"turns":3},{"floor":6,"enemies":"3 Sentries","damage":17,"turns":7},{"floor":8,"enemies":"Gremlin Nob","damage":34,"turns":4},{"floor":11,"enemies":"Lagavulin","damage":0,"turns":3},{"floor":13,"enemies":"Lots of Slimes","damage":11,"turns":5},{"floor":14,"enemies":"Exordium Wildlife","damage":6,"turns":3},{"floor":16,"enemies":"Hexaghost","damage":16,"turns":9},{"floor":18,"enemies":"Chosen","damage":13,"turns":6},{"floor":20,"enemies":"Shell Parasite","damage":13,"turns":3},{"floor":21,"enemies":"Centurion and Healer","damage":19,"turns":10},{"floor":22,"enemies":"Snecko","damage":16,"turns":5},{"floor":23,"enemies":"Book of Stabbing","damage":31,"turns":4}],"potions_obtained":[{"key":"SmokeBomb","floor":3},{"key":"Explosive Potion","floor":6},{"key":"EssenceOfSteel","floor":13},{"key":"PotionOfCapacity","floor":18},{"key":"Block Potion","floor":19},{"key":"SpeedPotion","floor":22}],"relics_obtained":[{"key":"Lantern","floor":6},{"key":"Omamori","floor":8},{"key":"Dream Catcher","floor":9}],"campfire_choices":[{"floor":7,"key":"SMITH","data":"Lockon"},{"floor":12,"key":"REST"},{"floor":15,"key":"SMITH","data":"Ball Lightning"}],"circlet_count":0,"win_rate":0,"killed_by":"Book of Stabbing"}