{"play_id":"da6b3e48-ed1a-46da-8a7e-9e6df1f0cf51","build_version":"2020-01-27","seed_played":"-2935583729590808550","chose_seed":false,"seed_source_timestamp":1868065564943,"is_daily":false,"special_seed":null,"is_trial":false,"is_endless":false,"is_ascension_mode":true,"ascension_level":12,"neow_bonus":"ONE_RARE_RELIC","neow_cost":"TEN_PERCENT_HP_LOSS","is_beta":false,"is_prod":false,"victory":false,"floor_reached":31,"score":533,"timestamp":1708745678,"local_time":"02/24/2024 03:34:38","playtime":1218,"player_experience":543816,"master_deck":["AscendersBane","Dualcast+1","Compile Driver+1","Gash","Ball Lightning","Lockon+1","Genetic Algorithm","Doom and Gloom+1","Rainbow","Capacitor","Rip and Tear","Loop","Fusion","Loop","Biased Cognition","Gash","Doom and Gloom+1","Gash+1","BootSequence","Fission","Reprogram"],"relics":["Cracked Core","TungstenRod","Toy Ornithopter","MawBank","Centennial Puzzle","GremlinMask","Shuriken","Pandora's Box","Ornamental Fan","Smiling Mask","Du-Vu Doll","Ancient Tea Set","Whetstone"],"gold":56,"campfire_rested":2,"campfire_upgraded":3,"purchased_purges":3,"potions_floor_spawned":[2,3,7,11,14,19,22,25],"potions_floor_usage":[7,7,8,8,14,16,21,21,21,23,31],"current_hp_per_floor":[67,60,60,60,58,58,68,68,68,68,49,49,49,49,49,22,57,54,32,32,31,20,25,45,26,26,46,46,46,46,0],"max_hp_per_floor":[68,68,68,68,68,68,68,68,68,68,68,68,68,68,68,68,68,68,68,68,68,68,68,68,68,68,68,68,68,68,68],"gold_per_floor":[113,125,144,45,45,45,79,109,146,158,203,215,53,64,64,164,164,183,202,117,136,150,180,180,205,257,257,56,56,56,56],"path_per_floor":["M","M","M","$","?","R","E","M","T","?","E","R","$","M","R","B",null,"M","M","?","M","M","E","R","E","T","R","$","?","?","E"],"path_taken":["M","M","M","$","?","R","E","M","T","?","E","R","$","M","R","BOSS","M","?","?","M","M","E","R","E","T","R","$","?","?","E"],"items_purchased":["Ball Lightning","Doom and Gloom","Whetstone"],"item_purchase_floors":[4,13,28],"items_purged":["Strike_B","Strike_B","Zap"],"items_purged_floors":[4,13,28],"character_chosen":"DEFECT","card_choices":[{"picked":"Compile Driver","not_picked":["Beam Cell","Stack"],"floor":1},{"picked":"Sweeping Beam","not_picked":["Storm","Heatsinks"],"floor":2},{"picked":"Gash","not_picked":["Redo","Tempest"],"floor":3},{"picked":"Lockon","not_picked":["Rip and Tear","Barrage"],"floor":7},{"picked":"Genetic Algorithm","not_picked":["Sweeping Beam","Leap"],"floor":8},{"picked":"SKIP","not_picked":["Barrage","Hologram","Cold Snap"],"floor":11},{"picked":"SKIP","not_picked":["Cold Snap","Sweeping Beam","Sunder"],"floor":14},{"picked":"Rainbow","not_picked":["Biased Cognition","Creative AI"],"floor":16},{"picked":"Gash","not_picked":["Hello World","Ball Lightning+1"],"floor":18},{"picked":"Doom and Gloom+1","not_picked":["Rebound","Hologram"],"floor":19},{"picked":"Gash","not_picked":["Go for the Eyes","Hologram"],"floor":21},{"picked":"Cold Snap+1","not_picked":["Meteor Strike","Reinforced Body"],"floor":22},{"picked":"BootSequence","not_picked":["Capacitor","Turbo"],"floor":23},{"picked":"Melter","not_picked":["Hyperbeam","Sweeping Beam"],"floor":25}],"event_choices":[{"event_name":"Scrap Ooze","player_choice":"Success","floor":5,"cards_obtained":null,"cards_removed":null,"cards_transformed":null,"cards_upgraded":null,"relics_obtained":["Toy Ornithopter"],"potions_obtained":null,"relics_lost":null,"damage_taken":3,"damage_healed":0,"max_hp_loss":0,"max_hp_gain":0,"gold_gain":0,"gold_loss":0},{"event_name":"FaceTrader","player_choice":"Trade","floor":10,"cards_obtained":null,"cards_removed":null,"cards_transformed":null,"cards_upgraded":null,"relics_obtained":["GremlinMask"],"potions_obtained":null,"relics_lost":null,"damage_taken":0,"damage_healed":0,"max_hp_loss":0,"max_hp_gain":0,"gold_gain":0,"gold_loss":0},{"event_name":"Addict","player_choice":"Obtained Relic","floor":20,"cards_obtained":null,"cards_removed":null,"cards_transformed":null,"cards_upgraded":null,"relics_obtained":["Ornamental Fan"],"potions_obtained":null,"relics_lost":null,"damage_taken":0,"damage_healed":0,"max_hp_loss":0,"max_hp_gain":0,"gold_gain":0,"gold_loss":85},{"event_name":"Drug Dealer","player_choice":"Became Test Subject","floor":29,"cards_obtained":["Fission","Reprogram"],"cards_removed":null,"cards_transformed":["Melter","Cold Snap"],"cards_upgraded":null,"relics_obtained":null,"potions_obtained":null,"relics_lost":null,"damage_taken":0,"damage_healed":0,"max_hp_loss":0,"max_hp_gain":0,"gold_gain":0,"gold_loss":0},{"event_name":"Back to Basics","player_choice":"Elegance","floor":30,"cards_obtained":null,"cards_removed":["Sweeping Beam"],"cards_transformed":null,"cards_upgraded":null,"relics_obtained":null,"potions_obtained":null,"relics_lost":null,"damage_taken":0,"damage_healed":0,"max_hp_loss":0,"max_hp_gain":0,"gold_gain":0,"gold_loss":0}],"boss_relics":[{"picked":"Pandora's Box","not_picked":["Snecko Eye","Fusion Hammer"]}],"damage_taken":[{"floor":1,"enemies":"Jaw Worm","damage":1,"turns":3},{"floor":2,"enemies":"Small Slimes","damage":7,"turns":3},{"floor":3,"enemies":"Cultist","damage":0,"turns":3},{"floor":7,"enemies":"3 Sentries","damage":0,"turns":2},{"floor":8,"enemies":"Looter","damage":0,"turns":3},{"floor":11,"enemies":"Lagavulin","damage":19,"turns":5},{"floor":14,"enemies":"Blue Slaver","damage":5,"turns":3},{"floor":16,"enemies":"Hexaghost","damage":32,"turns":8},{"floor":18,"enemies":"Spheric Guardian","damage":3,"turns":3},{"floor":19,"enemies":"Shell Parasite","damage":22,"turns":3},{"floor":21,"enemies":"Centurion and Healer","damage":16,"turns":4},{"floor":22,"enemies":"3 Cultists","damage":11,"turns":3},{"floor":23,"enemies":"Gremlin Leader","damage":0,"turns":6},{"floor":25,"enemies":"Book of Stabbing","damage":19,"turns":4},{"floor":31,"enemies":"Gremlin Leader","damage":53,"turns":5}],"potions_obtained":[{"key":"AttackPotion","floor":2},{"key":"AttackPotion","floor":3},{"key":"EntropicBrew","floor":7},{"key":"EssenceOfSteel","floor":11},{"key":"ColorlessPotion","floor":14},{"key":"EntropicBrew","floor":19},{"key":"FearPotion","floor":22},{"key":"EssenceOfSteel","floor":25}],"relics_obtained":[{"key":"MawBank","floor":7},{"key":"Centennial Puzzle","floor":9},{"key":"Shuriken","floor":11},{"key":"Smiling Mask","floor":23},{"key":"Du-Vu Doll","floor":25},{"key":"Ancient Tea Set","floor":26}],"campfire_choices":[{"floor":6,"key":"SMITH","data":"Dualcast"},{"floor":12,"key":"SMITH","data":"Lockon"},{"floor":15,"key":"SMITH","data":"Doom and Gloom"},{"floor":24,"key":"REST"},{"floor":27,"key":"REST"}],"circlet_count":0,"win_rate":0,"killed_by":"Gremlin Leader"}