{"play_id":"b9e47546-2a6e-498f-9306-e1442dc5a24c","build_version":"2020-01-27","seed_played":"-6373486058742201156","chose_seed":false,"seed_source_timestamp":225764166372,"is_daily":false,"special_seed":null,"is_trial":false,"is_endless":false,"is_ascension_mode":true,"ascension_level":12,"neow_bonus":"THREE_ENEMY_KILL","neow_cost":"NONE","is_beta":false,"is_prod":false,"victory":false,"floor_reached":29,"score":410,"timestamp":1708351567,"local_time":"02/19/2024 14:06:07","playtime":943,"player_experience":530929,"master_deck":["AscendersBane","Zap+1","Dualcast+1","Glacier","Beam Cell+1","Go for the Eyes+1","Compile Driver","Conserve Battery","Machine Learning","Double Energy","Biased Cognition","Static Discharge+1","Storm","Thunder Strike","Compile Driver","Melter","Barrage","Genetic Algorithm","Redo+1","Go for the Eyes","Auto Shields","Zap"],"relics":["Cracked Core","NeowsBlessing","Cables","The Courier","Lantern","Pandora's Box","Darkstone Periapt","Regal Pillow","Question Card"],"gold":169,"campfire_rested":0,"campfire_upgraded":5,"purchased_purges":1,"potions_floor_spawned":[7,14,16,21,24],"potions_floor_usage":[13,22,24,29],"current_hp_per_floor":[68,68,68,68,68,68,68,68,68,68,68,68,58,58,58,10,59,59,65,65,47,32,32,10,10,10,10,10,0],"max_hp_per_floor":[75,75,75,75,75,75,75,75,75,75,75,75,75,75,75,75,75,75,81,81,81,81,81,81,81,81,81,81,81],"gold_per_floor":[119,119,21,33,33,33,60,60,60,22,32,32,67,82,82,184,184,201,201,201,218,236,236,247,70,70,169,169,169],"path_per_floor":["M","?","$","M","$","R","E","R","T","$","M","R","E","M","R","B",null,"M","?","?","M","M","R","M","$","T","?","?","E"],"path_taken":["M","?","$","M","$","R","E","R","T","?","M","R","E","M","R","BOSS","M","?","?","M","M","R","M","$","T","?","?","E"],"items_purchased":["Beam Cell","Conserve Battery","Regal Pillow","Auto Shields"],"item_purchase_floors":[3,10,25,25],"items_purged":["Defend_B"],"items_purged_floors":[3],"character_chosen":"DEFECT","card_choices":[{"picked":"Glacier","not_picked":["Hologram","Go for the Eyes"],"floor":1},{"picked":"Go for the Eyes","not_picked":["Steam","Stack"],"floor":4},{"picked":"Compile Driver","not_picked":["Leap","Sweeping Beam"],"floor":7},{"picked":"Machine Learning","not_picked":["Compile Driver","Force Field"],"floor":11},{"picked":"Double Energy","not_picked":["Sweeping Beam","Conserve Battery"],"floor":13},{"picked":"SKIP","not_picked":["Beam Cell","Reinforced Body","Force Field"],"floor":14},{"picked":"Biased Cognition","not_picked":["Multi-Cast","Reboot"],"floor":16},{"picked":"SKIP","not_picked":["Steam","Coolheaded","Turbo"],"floor":18},{"picked":"Redo+1","not_picked":["Leap","Rip and Tear"],"floor":21},{"picked":"SKIP","not_picked":["Rebound","Beam Cell","Leap"],"floor":22},{"picked":"Go for the Eyes","not_picked":["Rip and Tear","Coolheaded"],"floor":24}],"event_choices":[{"event_name":"Lab","player_choice":"Got Potions","floor":2,"cards_obtained":null,"cards_removed":null,"cards_transformed":null,"cards_upgraded":null,"relics_obtained":null,"potions_obtained":null,"relics_lost":null,"damage_taken":0,"damage_healed":0,"max_hp_loss":0,"max_hp_gain":0,"gold_gain":0,"gold_loss":0},{"event_name":"Addict","player_choice":"Stole Relic","floor":19,"cards_obtained":["Shame"],"cards_removed":null,"cards_transformed":null,"cards_upgraded":null,"relics_obtained":["Darkstone Periapt"],"potions_obtained":null,"relics_lost":null,"damage_taken":0,"damage_healed":0,"max_hp_loss":0,"max_hp_gain":0,"gold_gain":0,"gold_loss":0},{"event_name":"Back to Basics","player_choice":"Elegance","floor":20,"cards_obtained":null,"cards_removed":["Shame"],"cards_transformed":null,"cards_upgraded":null,"relics_obtained":null,"potions_obtained":null,"relics_lost":null,"damage_taken":0,"damage_healed":0,"max_hp_loss":0,"max_hp_gain":0,"gold_gain":0,"gold_loss":0},{"event_name":"Nest","player_choice":"Stole From Cult","floor":27,"cards_obtained":null,"cards_removed":null,"cards_transformed":null,"cards_upgraded":null,"relics_obtained":null,"potions_obtained":null,"relics_lost":null,"damage_taken":0,"damage_healed":0,"max_hp_loss":0,"max_hp_gain":0,"gold_gain":99,"gold_loss":0},{"event_name":"Match and Keep!","player_choice":"1 cards matched","floor":28,"cards_obtained":["Zap"],"cards_removed":null,"cards_transformed":null,"cards_upgraded":null,"relics_obtained":null,"potions_obtained":null,"relics_lost":null,"damage_taken":0,"damage_healed":0,"max_hp_loss":0,"max_hp_gain":0,"gold_gain":0,"gold_loss":0}],"boss_relics":[{"picked":"Pandora's Box","not_picked":["Philosopher's Stone","Sozu"]}],"damage_taken":[{"floor":1,"enemies":"Cultist","damage":0,"turns":1},{"floor":4,"enemies":"Small Slimes","damage":0,"turns":1},{"floor":7,"enemies":"Gremlin Nob","damage":0,"turns":1},{"floor":11,"enemies":"2 Louse","damage":0,"turns":2},{"floor":13,"enemies":"Lagavulin","damage":10,"turns":5},{"floor":14,"enemies":"Large Slime","damage":0,"turns":5},{"floor":16,"enemies":"Hexaghost","damage":48,"turns":12},{"floor":18,"enemies":"Chosen","damage":0,"turns":4},{"floor":21,"enemies":"2 Thieves","damage":18,"turns":4},{"floor":22,"enemies":"Snecko","damage":15,"turns":5},{"floor":24,"enemies":"Centurion and Healer","damage":22,"turns":7},{"floor":29,"enemies":"Gremlin Leader","damage":10,"turns":2}],"potions_obtained":[{"key":"EssenceOfDarkness","floor":2},{"key":"DuplicationPotion","floor":2},{"key":"Energy Potion","floor":14},{"key":"Swift Potion","floor":24}],"relics_obtained":[{"key":"Cables","floor":7},{"key":"The Courier","floor":9},{"key":"Lantern","floor":13},{"key":"Question Card","floor":26}],"campfire_choices":[{"floor":6,"key":"SMITH","data":"Zap"},{"floor":8,"key":"SMITH","data":"Dualcast"},{"floor":12,"key":"SMITH","data":"Go for the Eyes"},{"floor":15,"key":"SMITH","data":"Beam Cell"},{"floor":23,"key":"SMITH","data":"Static Discharge"}],"circlet_count":0,"win_rate":0,"killed_by":"Gremlin Leader"}