{"play_id":"1603b169-e84c-4272-ba26-bb89f003c5fd","build_version":"2020-01-27","seed_played":"5918913845909430371","chose_seed":false,"seed_source_timestamp":829265213603,"is_daily":false,"special_seed":null,"is_trial":false,"is_endless":false,"is_ascension_mode":true,"ascension_level":12,"neow_bonus":"THREE_RARE_CARDS","neow_cost":"TEN_PERCENT_HP_LOSS","is_beta":false,"is_prod":false,"victory":false,"floor_reached":14,"score":144,"timestamp":1708484016,"local_time":"02/21/2024 02:53:36","playtime":448,"player_experience":536554,"master_deck":["AscendersBane","Strike_B","Strike_B","Defend_B","Defend_B","Defend_B","Zap+1","Dualcast","Thunder Strike","Compile Driver","Auto Shields","Redo","Ball Lightning","Genetic Algorithm","Tempest"],"relics":["Cracked Core","Torii","Pen Nib","Calipers"],"gold":10,"campfire_rested":0,"campfire_upgraded":1,"purchased_purges":2,"potions_floor_spawned":[4,7,12],"potions_floor_usage":[7,11,14],"current_hp_per_floor":[68,68,68,67,66,66,27,27,27,27,19,17,17,0],"max_hp_per_floor":[68,68,68,68,68,68,68,68,68,68,68,68,68,68],"gold_per_floor":[111,36,36,51,68,68,85,39,66,66,77,110,10,10],"path_per_floor":["M","$","T","M","M","R","M","$","T","?","M","E","$","E"],"path_taken":["M","$","?","M","M","R","M","$","T","?","M","E","$","E"],"items_purchased":["Ball Lightning"],"item_purchase_floors":[8],"items_purged":["Strike_B","Defend_B"],"items_purged_floors":[2,13],"character_chosen":"DEFECT","card_choices":[{"picked":"Thunder Strike","not_picked":["Biased Cognition","Buffer"],"floor":0},{"picked":"Compile Driver","not_picked":["Leap","Gash"],"floor":1},{"picked":"SKIP","not_picked":["Rip and Tear","Turbo","Hologram"],"floor":4},{"picked":"Auto Shields","not_picked":["Go for the Eyes","Barrage"],"floor":5},{"picked":"Redo","not_picked":["Go for the Eyes","Buffer"],"floor":7},{"picked":"Genetic Algorithm","not_picked":["Hello World","Barrage"],"floor":11},{"picked":"Tempest","not_picked":["Barrage","Recycle"],"floor":12}],"event_choices":[{"event_name":"Purifier","player_choice":"Purged","floor":10,"cards_obtained":null,"cards_removed":["Strike_B"],"cards_transformed":null,"cards_upgraded":null,"relics_obtained":null,"potions_obtained":null,"relics_lost":null,"damage_taken":0,"damage_healed":0,"max_hp_loss":0,"max_hp_gain":0,"gold_gain":0,"gold_loss":0}],"boss_relics":[],"damage_taken":[{"floor":1,"enemies":"Cultist","damage":0,"turns":4},{"floor":4,"enemies":"Small Slimes","damage":1,"turns":4},{"floor":5,"enemies":"2 Louse","damage":1,"turns":2},{"floor":7,"enemies":"Gremlin Gang","damage":39,"turns":5},{"floor":11,"enemies":"3 Louse","damage":8,"turns":3},{"floor":12,"enemies":"Lagavulin","damage":2,"turns":6},{"floor":14,"enemies":"3 Sentries","damage":18,"turns":2}],"potions_obtained":[{"key":"SteroidPotion","floor":4},{"key":"Energy Potion","floor":7},{"key":"Energy Potion","floor":12}],"relics_obtained":[{"key":"Torii","floor":3},{"key":"Pen Nib","floor":9},{"key":"Calipers","floor":12}],"campfire_choices":[{"floor":6,"key":"SMITH","data":"Zap"}],"circlet_count":0,"win_rate":0,"killed_by":"3 Sentries"}