{"play_id":"e7b93bf5-b4e0-4f06-a285-15e2ccb8b372","build_version":"2020-01-27","seed_played":"-8312493022986177657","chose_seed":false,"seed_source_timestamp":865720771172,"is_daily":false,"special_seed":null,"is_trial":false,"is_endless":false,"is_ascension_mode":true,"ascension_level":12,"neow_bonus":"THREE_RARE_CARDS","neow_cost":"NO_GOLD","is_beta":false,"is_prod":false,"victory":false,"floor_reached":16,"score":166,"timestamp":1708488605,"local_time":"02/21/2024 04:10:05","playtime":585,"player_experience":537557,"master_deck":["AscendersBane","Strike_B","Strike_B","Defend_B","Defend_B","Defend_B","Defend_B","Zap+1","Dualcast+1","Electrodynamics+1","Rip and Tear","Coolheaded","Reboot","Doom and Gloom","Doom and Gloom","Doom and Gloom","Lockon"],"relics":["Cracked Core","Gremlin Horn","Bottled Tornado"],"gold":129,"campfire_rested":0,"campfire_upgraded":2,"purchased_purges":0,"potions_floor_spawned":[6,7,13],"potions_floor_usage":[8,10,16],"current_hp_per_floor":[68,68,68,68,68,52,47,43,43,43,37,37,37,37,37,0],"max_hp_per_floor":[75,75,75,75,75,75,75,75,75,75,75,75,75,75,75,75],"gold_per_floor":[20,20,34,34,34,68,85,125,125,143,161,161,179,129,129,129],"path_per_floor":["M","?","M","?","$","E","M","M","T","M","M","R","M","?","R","B"],"path_taken":["M","?","M","?","$","E","M","?","T","M","M","R","M","?","R","BOSS"],"items_purchased":[],"item_purchase_floors":[],"items_purged":[],"items_purged_floors":[],"character_chosen":"DEFECT","card_choices":[{"picked":"Electrodynamics","not_picked":["Buffer","Thunder Strike"],"floor":0},{"picked":"Rip and Tear","not_picked":["Beam Cell","Gash"],"floor":1},{"picked":"Coolheaded","not_picked":["Gash","Conserve Battery"],"floor":3},{"picked":"Reboot","not_picked":["Compile Driver","Steam"],"floor":6},{"picked":"Doom and Gloom","not_picked":["Skim","Streamline"],"floor":7},{"picked":"SKIP","not_picked":["Genetic Algorithm","BootSequence","Compile Driver"],"floor":8},{"picked":"Doom and Gloom","not_picked":["Heatsinks","Gash"],"floor":10},{"picked":"Doom and Gloom","not_picked":["Coolheaded","Stack"],"floor":11},{"picked":"Lockon","not_picked":["Streamline","Hologram"],"floor":13}],"event_choices":[{"event_name":"Living Wall","player_choice":"Grow","floor":2,"cards_obtained":null,"cards_removed":null,"cards_transformed":null,"cards_upgraded":["Dualcast"],"relics_obtained":null,"potions_obtained":null,"relics_lost":null,"damage_taken":0,"damage_healed":0,"max_hp_loss":0,"max_hp_gain":0,"gold_gain":0,"gold_loss":0},{"event_name":"Bonfire Elementals","player_choice":"Offered Basic","floor":4,"cards_obtained":null,"cards_removed":["Strike_B"],"cards_transformed":null,"cards_upgraded":null,"relics_obtained":null,"potions_obtained":null,"relics_lost":null,"damage_taken":0,"damage_healed":0,"max_hp_loss":0,"max_hp_gain":0,"gold_gain":0,"gold_loss":0},{"event_name":"The Cleric","player_choice":"Card Removal","floor":14,"cards_obtained":null,"cards_removed":["Strike_B"],"cards_transformed":null,"cards_upgraded":null,"relics_obtained":null,"potions_obtained":null,"relics_lost":null,"damage_taken":0,"damage_healed":0,"max_hp_loss":0,"max_hp_gain":0,"gold_gain":0,"gold_loss":50}],"boss_relics":[],"damage_taken":[{"floor":1,"enemies":"2 Louse","damage":0,"turns":2},{"floor":3,"enemies":"Cultist","damage":0,"turns":3},{"floor":6,"enemies":"3 Sentries","damage":16,"turns":3},{"floor":7,"enemies":"Jaw Worm","damage":5,"turns":2},{"floor":8,"enemies":"2 Fungi Beasts","damage":4,"turns":2},{"floor":10,"enemies":"Gremlin Gang","damage":0,"turns":2},{"floor":11,"enemies":"Looter","damage":6,"turns":2},{"floor":13,"enemies":"Exordium Thugs","damage":0,"turns":2},{"floor":16,"enemies":"The Guardian","damage":39,"turns":9}],"potions_obtained":[{"key":"Explosive Potion","floor":6},{"key":"ColorlessPotion","floor":7},{"key":"Block Potion","floor":13}],"relics_obtained":[{"key":"Gremlin Horn","floor":6},{"key":"Bottled Tornado","floor":9}],"campfire_choices":[{"floor":12,"key":"SMITH","data":"Electrodynamics"},{"floor":15,"key":"SMITH","data":"Zap"}],"circlet_count":0,"win_rate":0,"killed_by":"The Guardian"}