{"play_id":"6313c20a-c8da-4b78-b170-473ee0a08d5e","build_version":"2020-01-27","seed_played":"6106201976224840430","chose_seed":false,"seed_source_timestamp":3005905058523,"is_daily":false,"special_seed":null,"is_trial":false,"is_endless":false,"is_ascension_mode":true,"ascension_level":12,"neow_bonus":"THREE_ENEMY_KILL","neow_cost":"NONE","is_beta":false,"is_prod":false,"victory":false,"floor_reached":33,"score":602,"timestamp":1708951417,"local_time":"02/26/2024 12:43:37","playtime":1276,"player_experience":553274,"master_deck":["AscendersBane","Strike_B","Strike_B","Defend_B","Defend_B","Defend_B","Defend_B","Zap","Dualcast+1","Defragment+1","Ball Lightning","Reboot","Auto Shields","Undo","Machine Learning","Steam+1","Decay","Doom and Gloom+1","Clumsy","Loop+1","Beam Cell+1"],"relics":["Cracked Core","NeowsBlessing","Happy Flower","MealTicket","Pen Nib","Strawberry","Orichalcum","Ornamental Fan","Cursed Key","Eternal Feather","MawBank","Shuriken","Boot"],"gold":296,"campfire_rested":3,"campfire_upgraded":4,"purchased_purges":2,"potions_floor_spawned":[1,7,13,14,24],"potions_floor_usage":[11,14,22,28,28],"current_hp_per_floor":[68,68,68,68,50,39,39,39,46,21,21,45,30,7,7,7,63,62,77,64,64,43,52,5,38,38,47,24,24,36,16,52,0],"max_hp_per_floor":[75,75,75,75,75,75,75,75,82,82,82,82,82,82,82,82,82,82,82,82,82,82,82,82,82,82,82,82,82,82,82,82,82],"gold_per_floor":[116,70,96,21,21,96,107,137,161,188,208,208,218,247,247,348,348,364,2,19,45,68,80,117,129,196,208,220,232,244,272,284,296],"path_per_floor":["M","$","T","$","?","?","M","E","T","E","M","R","M","E","R","B",null,"M","$","M","T","M","R","E","R","T","R","E","?","R","M","R","B"],"path_taken":["M","$","?","?","?","?","M","E","T","E","?","R","M","E","R","BOSS","M","$","?","?","M","R","E","R","T","R","E","?","R","M","R","BOSS"],"items_purchased":["Ball Lightning","Eternal Feather"],"item_purchase_floors":[2,19],"items_purged":["Strike_B","Strike_B"],"items_purged_floors":[4,19],"character_chosen":"DEFECT","card_choices":[{"picked":"Defragment","not_picked":["Genetic Algorithm","Conserve Battery"],"floor":1},{"picked":"SKIP","not_picked":["Beam Cell","Chaos","Go for the Eyes"],"floor":7},{"picked":"Reboot","not_picked":["Hologram","Heatsinks"],"floor":8},{"picked":"SKIP","not_picked":["Stack","Conserve Battery","Chill"],"floor":10},{"picked":"SKIP","not_picked":["Steam","Barrage","FTL"],"floor":11},{"picked":"Auto Shields","not_picked":["Hologram","Beam Cell"],"floor":13},{"picked":"Undo","not_picked":["Conserve Battery","Compile Driver"],"floor":14},{"picked":"Machine Learning","not_picked":["Reboot","Core Surge"],"floor":16},{"picked":"SKIP","not_picked":["Self Repair","Rebound","Beam Cell"],"floor":18},{"picked":"Steam+1","not_picked":["Fusion","Turbo"],"floor":20},{"picked":"SKIP","not_picked":["Beam Cell","Compile Driver","Rebound"],"floor":22},{"picked":"Doom and Gloom","not_picked":["Go for the Eyes","Beam Cell"],"floor":24},{"picked":"Beam Cell+1","not_picked":["Hyperbeam","Compile Driver"],"floor":31}],"event_choices":[{"event_name":"Scrap Ooze","player_choice":"Success","floor":5,"cards_obtained":null,"cards_removed":null,"cards_transformed":null,"cards_upgraded":null,"relics_obtained":["MealTicket"],"potions_obtained":null,"relics_lost":null,"damage_taken":18,"damage_healed":0,"max_hp_loss":0,"max_hp_gain":0,"gold_gain":0,"gold_loss":0},{"event_name":"World of Goop","player_choice":"Gather Gold","floor":6,"cards_obtained":null,"cards_removed":null,"cards_transformed":null,"cards_upgraded":null,"relics_obtained":null,"potions_obtained":null,"relics_lost":null,"damage_taken":11,"damage_healed":0,"max_hp_loss":0,"max_hp_gain":0,"gold_gain":75,"gold_loss":0},{"event_name":"The Library","player_choice":"Read","floor":29,"cards_obtained":["Loop"],"cards_removed":null,"cards_transformed":null,"cards_upgraded":null,"relics_obtained":null,"potions_obtained":null,"relics_lost":null,"damage_taken":0,"damage_healed":0,"max_hp_loss":0,"max_hp_gain":0,"gold_gain":0,"gold_loss":0}],"boss_relics":[{"picked":"Cursed Key","not_picked":["Calling Bell","Fusion Hammer"]}],"damage_taken":[{"floor":1,"enemies":"Cultist","damage":0,"turns":1},{"floor":7,"enemies":"Jaw Worm","damage":0,"turns":1},{"floor":8,"enemies":"3 Sentries","damage":0,"turns":1},{"floor":10,"enemies":"Lagavulin","damage":25,"turns":6},{"floor":11,"enemies":"2 Louse","damage":0,"turns":1},{"floor":13,"enemies":"Large Slime","damage":15,"turns":3},{"floor":14,"enemies":"3 Sentries","damage":23,"turns":7},{"floor":16,"enemies":"The Guardian","damage":0,"turns":11},{"floor":18,"enemies":"Chosen","damage":1,"turns":4},{"floor":20,"enemies":"Spheric Guardian","damage":13,"turns":5},{"floor":22,"enemies":"Snake Plant","damage":21,"turns":5},{"floor":24,"enemies":"Book of Stabbing","damage":47,"turns":7},{"floor":28,"enemies":"Slavers","damage":23,"turns":2},{"floor":31,"enemies":"Shelled Parasite and Fungi","damage":20,"turns":4},{"floor":33,"enemies":"Collector","damage":65,"turns":5}],"potions_obtained":[{"key":"PowerPotion","floor":1},{"key":"Explosive Potion","floor":7},{"key":"Weak Potion","floor":13},{"key":"SmokeBomb","floor":14},{"key":"Explosive Potion","floor":24}],"relics_obtained":[{"key":"Happy Flower","floor":3},{"key":"Pen Nib","floor":8},{"key":"Strawberry","floor":9},{"key":"Orichalcum","floor":10},{"key":"Ornamental Fan","floor":14},{"key":"MawBank","floor":21},{"key":"Shuriken","floor":24},{"key":"Boot","floor":26}],"campfire_choices":[{"floor":12,"key":"REST"},{"floor":15,"key":"SMITH","data":"Defragment"},{"floor":23,"key":"SMITH","data":"Dualcast"},{"floor":25,"key":"REST"},{"floor":27,"key":"SMITH","data":"Doom and Gloom"},{"floor":30,"key":"SMITH","data":"Loop"},{"floor":32,"key":"REST"}],"circlet_count":0,"win_rate":0,"killed_by":"Collector"}