{"play_id":"5a9740a0-1536-4617-b25f-a5ed95a978d1","build_version":"2020-01-27","seed_played":"2889892885850874170","chose_seed":false,"seed_source_timestamp":2209516431122,"is_daily":false,"special_seed":null,"is_trial":false,"is_endless":false,"is_ascension_mode":true,"ascension_level":12,"neow_bonus":"THREE_ENEMY_KILL","neow_cost":"NONE","is_beta":false,"is_prod":false,"victory":false,"floor_reached":23,"score":352,"timestamp":1708834882,"local_time":"02/25/2024 04:21:22","playtime":742,"player_experience":550283,"master_deck":["AscendersBane","Strike_B+1","Strike_B+1","Defend_B","Defend_B","Zap","Dualcast+1","Consume+1","Coolheaded+1","Beam Cell+1","Redo","Conserve Battery","Rip and Tear","Electrodynamics","Steam","Static Discharge","Thunder Strike","Capacitor"],"relics":["Cracked Core","NeowsBlessing","Pantograph","Eternal Feather","White Beast Statue","Inserter"],"gold":29,"campfire_rested":1,"campfire_upgraded":3,"purchased_purges":1,"potions_floor_spawned":[4,14,16,18],"potions_floor_usage":[12],"current_hp_per_floor":[68,61,46,46,46,46,46,46,46,46,44,7,35,29,38,8,58,54,54,54,54,54,0],"max_hp_per_floor":[75,75,75,75,75,75,75,75,75,75,75,75,75,75,75,75,75,75,75,75,75,75,75],"gold_per_floor":[118,118,118,131,81,81,81,81,81,116,126,158,158,169,169,268,268,287,0,99,99,29,29],"path_per_floor":["M","?","?","M","?","R","?","R","T","E","M","E","R","M","R","B",null,"M","$","?","?","$","E"],"path_taken":["M","?","?","M","?","R","?","R","T","E","M","E","R","M","R","BOSS","M","$","?","?","$","E"],"items_purchased":["Static Discharge","Thunder Strike","Capacitor"],"item_purchase_floors":[19,19,22],"items_purged":["Defend_B"],"items_purged_floors":[19],"character_chosen":"DEFECT","card_choices":[{"picked":"Consume","not_picked":["Redo","Conserve Battery"],"floor":1},{"picked":"Coolheaded","not_picked":["Barrage","Steam"],"floor":4},{"picked":"Beam Cell","not_picked":["Fission","Hello World"],"floor":10},{"picked":"Redo","not_picked":["Blizzard","Hologram"],"floor":11},{"picked":"Conserve Battery","not_picked":["Melter","BootSequence"],"floor":12},{"picked":"Rip and Tear","not_picked":["Aggregate","Gash"],"floor":14},{"picked":"Electrodynamics","not_picked":["Biased Cognition","Creative AI"],"floor":16},{"picked":"Steam","not_picked":["Go for the Eyes","Stack"],"floor":18}],"event_choices":[{"event_name":"Golden Wing","player_choice":"Card Removal","floor":2,"cards_obtained":null,"cards_removed":["Strike_B"],"cards_transformed":null,"cards_upgraded":null,"relics_obtained":null,"potions_obtained":null,"relics_lost":null,"damage_taken":7,"damage_healed":0,"max_hp_loss":0,"max_hp_gain":0,"gold_gain":0,"gold_loss":0},{"event_name":"Shining Light","player_choice":"Entered Light","floor":3,"cards_obtained":null,"cards_removed":null,"cards_transformed":null,"cards_upgraded":["Strike_B","Strike_B"],"relics_obtained":null,"potions_obtained":null,"relics_lost":null,"damage_taken":15,"damage_healed":0,"max_hp_loss":0,"max_hp_gain":0,"gold_gain":0,"gold_loss":0},{"event_name":"The Cleric","player_choice":"Card Removal","floor":5,"cards_obtained":null,"cards_removed":["Defend_B"],"cards_transformed":null,"cards_upgraded":null,"relics_obtained":null,"potions_obtained":null,"relics_lost":null,"damage_taken":0,"damage_healed":0,"max_hp_loss":0,"max_hp_gain":0,"gold_gain":0,"gold_loss":50},{"event_name":"Accursed Blacksmith","player_choice":"Forge","floor":7,"cards_obtained":null,"cards_removed":null,"cards_transformed":null,"cards_upgraded":["Coolheaded"],"relics_obtained":null,"potions_obtained":null,"relics_lost":null,"damage_taken":0,"damage_healed":0,"max_hp_loss":0,"max_hp_gain":0,"gold_gain":0,"gold_loss":0},{"event_name":"Nest","player_choice":"Stole From Cult","floor":20,"cards_obtained":null,"cards_removed":null,"cards_transformed":null,"cards_upgraded":null,"relics_obtained":null,"potions_obtained":null,"relics_lost":null,"damage_taken":0,"damage_healed":0,"max_hp_loss":0,"max_hp_gain":0,"gold_gain":99,"gold_loss":0},{"event_name":"Back to Basics","player_choice":"Elegance","floor":21,"cards_obtained":null,"cards_removed":["Strike_B"],"cards_transformed":null,"cards_upgraded":null,"relics_obtained":null,"potions_obtained":null,"relics_lost":null,"damage_taken":0,"damage_healed":0,"max_hp_loss":0,"max_hp_gain":0,"gold_gain":0,"gold_loss":0}],"boss_relics":[{"picked":"Inserter","not_picked":["Sozu","Snecko Eye"]}],"damage_taken":[{"floor":1,"enemies":"Cultist","damage":0,"turns":1},{"floor":4,"enemies":"2 Louse","damage":0,"turns":1},{"floor":10,"enemies":"3 Sentries","damage":0,"turns":1},{"floor":11,"enemies":"Small Slimes","damage":2,"turns":4},{"floor":12,"enemies":"Gremlin Nob","damage":37,"turns":5},{"floor":14,"enemies":"Blue Slaver","damage":6,"turns":3},{"floor":16,"enemies":"Hexaghost","damage":55,"turns":10},{"floor":18,"enemies":"Spheric Guardian","damage":4,"turns":3},{"floor":23,"enemies":"Book of Stabbing","damage":60,"turns":4}],"potions_obtained":[{"key":"SteroidPotion","floor":4},{"key":"Fire Potion","floor":14},{"key":"Strength Potion","floor":16}],"relics_obtained":[{"key":"Pantograph","floor":9},{"key":"Eternal Feather","floor":10},{"key":"White Beast Statue","floor":12}],"campfire_choices":[{"floor":6,"key":"SMITH","data":"Consume"},{"floor":8,"key":"SMITH","data":"Dualcast"},{"floor":13,"key":"REST"},{"floor":15,"key":"SMITH","data":"Beam Cell"}],"circlet_count":0,"win_rate":0,"killed_by":"Book of Stabbing"}