{"play_id":"09916852-3149-49b2-8968-0014f202addc","build_version":"2020-01-27","seed_played":"2229578285483767381","chose_seed":false,"seed_source_timestamp":662696233555,"is_daily":false,"special_seed":null,"is_trial":false,"is_endless":false,"is_ascension_mode":true,"ascension_level":12,"neow_bonus":"THREE_ENEMY_KILL","neow_cost":"NONE","is_beta":false,"is_prod":false,"victory":false,"floor_reached":33,"score":500,"timestamp":1708190582,"local_time":"02/17/2024 17:23:02","playtime":1348,"player_experience":526536,"master_deck":["AscendersBane","Defend_B","Zap","Dualcast+1","Genetic Algorithm+1","Beam Cell","Ball Lightning","Redo+1","Ball Lightning","Doom and Gloom","Undo","Hologram","Thunder Strike+1","Cold Snap+1","Tempest+1","Reprogram+1","Ball Lightning","Capacitor","Core Surge","Undo","Ball Lightning"],"relics":["Cracked Core","NeowsBlessing","Cables","Old Coin","Dead Branch","Bottled Lightning","Bronze Scales","Astrolabe","Anchor","Mercury Hourglass","Matryoshka"],"gold":88,"campfire_rested":2,"campfire_upgraded":2,"purchased_purges":2,"potions_floor_spawned":[4,7,16,19,25,31],"potions_floor_usage":[7,14,33],"current_hp_per_floor":[68,68,68,68,68,33,23,45,45,45,40,40,40,35,35,28,63,54,54,54,54,75,75,75,65,65,61,61,61,50,37,59,0],"max_hp_per_floor":[75,75,75,75,75,75,75,75,75,75,75,75,75,75,75,75,75,75,75,75,75,75,75,75,75,75,75,75,75,75,75,75,75],"gold_per_floor":[110,110,10,20,36,368,381,381,381,12,23,23,34,59,59,158,158,168,179,179,179,179,179,79,110,110,124,34,50,60,88,88,88],"path_per_floor":["M","?","$","M","M","E","M","R","T","$","M","?","M","E","R","B",null,"M","M","?","?","?","R","$","E","T","M","?","M","M","E","R","B"],"path_taken":["M","?","$","M","?","E","M","R","T","$","M","?","?","E","R","BOSS","M","M","?","?","?","R","$","E","T","M","?","?","M","E","R","BOSS"],"items_purchased":["Beam Cell","Bottled Lightning","Doom and Gloom","Block Potion"],"item_purchase_floors":[3,10,10,10],"items_purged":["Strike_B","Defend_B"],"items_purged_floors":[3,24],"character_chosen":"DEFECT","card_choices":[{"picked":"Genetic Algorithm","not_picked":["Barrage","Hologram"],"floor":1},{"picked":"Ball Lightning","not_picked":["Heatsinks","Barrage"],"floor":4},{"picked":"Redo","not_picked":["Fusion","Blizzard"],"floor":5},{"picked":"Ball Lightning","not_picked":["Compile Driver","Conserve Battery"],"floor":6},{"picked":"SKIP","not_picked":["Compile Driver","Rebound","Turbo"],"floor":7},{"picked":"Undo","not_picked":["Go for the Eyes","Darkness"],"floor":11},{"picked":"Hologram","not_picked":["Genetic Algorithm","Stack"],"floor":13},{"picked":"SKIP","not_picked":["Machine Learning","Gash","Sweeping Beam"],"floor":14},{"picked":"Thunder Strike","not_picked":["Biased Cognition","Amplify"],"floor":16},{"picked":"Ball Lightning","not_picked":["Leap","Gash"],"floor":18},{"picked":"Capacitor","not_picked":["Stack+1","Conserve Battery"],"floor":19},{"picked":"SKIP","not_picked":["Beam Cell","Steam","Stack"],"floor":25},{"picked":"Core Surge","not_picked":["Skim","Blizzard"],"floor":27},{"picked":"SKIP","not_picked":["Compile Driver","Beam Cell","Hologram"],"floor":29},{"picked":"Undo","not_picked":["Compile Driver","Gash"],"floor":30},{"picked":"Ball Lightning","not_picked":["Cold Snap+1","Thunder Strike"],"floor":31}],"event_choices":[{"event_name":"Wheel of Change","player_choice":"Relic","floor":2,"cards_obtained":null,"cards_removed":null,"cards_transformed":null,"cards_upgraded":null,"relics_obtained":null,"potions_obtained":null,"relics_lost":null,"damage_taken":0,"damage_healed":0,"max_hp_loss":0,"max_hp_gain":0,"gold_gain":0,"gold_loss":0},{"event_name":"Upgrade Shrine","player_choice":"Upgraded","floor":12,"cards_obtained":null,"cards_removed":null,"cards_transformed":null,"cards_upgraded":["Genetic Algorithm"],"relics_obtained":null,"potions_obtained":null,"relics_lost":null,"damage_taken":0,"damage_healed":0,"max_hp_loss":0,"max_hp_gain":0,"gold_gain":0,"gold_loss":0},{"event_name":"Cursed Tome","player_choice":"Ignored","floor":20,"cards_obtained":null,"cards_removed":null,"cards_transformed":null,"cards_upgraded":null,"relics_obtained":null,"potions_obtained":null,"relics_lost":null,"damage_taken":0,"damage_healed":0,"max_hp_loss":0,"max_hp_gain":0,"gold_gain":0,"gold_loss":0},{"event_name":"Back to Basics","player_choice":"Elegance","floor":21,"cards_obtained":null,"cards_removed":["Strike_B"],"cards_transformed":null,"cards_upgraded":null,"relics_obtained":null,"potions_obtained":null,"relics_lost":null,"damage_taken":0,"damage_healed":0,"max_hp_loss":0,"max_hp_gain":0,"gold_gain":0,"gold_loss":0},{"event_name":"The Library","player_choice":"Heal","floor":22,"cards_obtained":null,"cards_removed":null,"cards_transformed":null,"cards_upgraded":null,"relics_obtained":null,"potions_obtained":null,"relics_lost":null,"damage_taken":0,"damage_healed":25,"max_hp_loss":0,"max_hp_gain":0,"gold_gain":0,"gold_loss":0},{"event_name":"Designer","player_choice":"Upgrade and Remove","floor":28,"cards_obtained":null,"cards_removed":["Defend_B"],"cards_transformed":null,"cards_upgraded":["Thunder Strike"],"relics_obtained":null,"potions_obtained":null,"relics_lost":null,"damage_taken":0,"damage_healed":0,"max_hp_loss":0,"max_hp_gain":0,"gold_gain":0,"gold_loss":90}],"boss_relics":[{"picked":"Astrolabe","not_picked":["Philosopher's Stone","Runic Dome"]}],"damage_taken":[{"floor":1,"enemies":"2 Louse","damage":0,"turns":1},{"floor":4,"enemies":"Cultist","damage":0,"turns":1},{"floor":5,"enemies":"Jaw Worm","damage":0,"turns":1},{"floor":6,"enemies":"Lagavulin","damage":35,"turns":6},{"floor":7,"enemies":"Lots of Slimes","damage":10,"turns":3},{"floor":11,"enemies":"3 Louse","damage":5,"turns":3},{"floor":13,"enemies":"Looter","damage":0,"turns":2},{"floor":14,"enemies":"3 Sentries","damage":5,"turns":4},{"floor":16,"enemies":"The Guardian","damage":7,"turns":7},{"floor":18,"enemies":"3 Byrds","damage":9,"turns":3},{"floor":19,"enemies":"Chosen","damage":0,"turns":3},{"floor":25,"enemies":"Gremlin Leader","damage":10,"turns":6},{"floor":27,"enemies":"Centurion and Healer","damage":4,"turns":4},{"floor":29,"enemies":"Chosen and Byrds","damage":0,"turns":3},{"floor":30,"enemies":"Snake Plant","damage":11,"turns":3},{"floor":31,"enemies":"Slavers","damage":13,"turns":4},{"floor":33,"enemies":"Champ","damage":63,"turns":8}],"potions_obtained":[{"key":"Block Potion","floor":4},{"key":"FearPotion","floor":7},{"key":"SmokeBomb","floor":16},{"key":"LiquidBronze","floor":19}],"relics_obtained":[{"key":"Cables","floor":2},{"key":"Old Coin","floor":6},{"key":"Dead Branch","floor":9},{"key":"Bronze Scales","floor":14},{"key":"Anchor","floor":25},{"key":"Mercury Hourglass","floor":26},{"key":"Matryoshka","floor":31}],"campfire_choices":[{"floor":8,"key":"REST"},{"floor":15,"key":"SMITH","data":"Dualcast"},{"floor":23,"key":"SMITH","data":"Redo"},{"floor":32,"key":"REST"}],"circlet_count":0,"win_rate":0,"killed_by":"Champ"}