{"play_id":"c375aa2e-9e27-4b81-b7d8-9c9ecee03d3e","build_version":"2020-01-27","seed_played":"-1258909678530768702","chose_seed":false,"seed_source_timestamp":0,"is_daily":false,"special_seed":0,"is_trial":false,"is_endless":false,"is_ascension_mode":true,"ascension_level":12,"neow_bonus":"BOSS_RELIC","neow_cost":"NONE","is_beta":false,"is_prod":false,"victory":false,"floor_reached":30,"score":381,"timestamp":1708893094,"local_time":"02/25/2024 20:31:34","playtime":1321,"player_experience":551256,"master_deck":["AscendersBane","Strike_B","Strike_B","Strike_B","Defend_B","Defend_B","Defend_B","Defend_B","Zap+1","Dualcast","Sunder+1","Coolheaded","Cold Snap","Doom and Gloom","Electrodynamics+1","Gash","Leap","Core Surge+1","Scrape+1","Beam Cell","Conserve Battery","Go for the Eyes+1","Defragment","Doom and Gloom+1"],"relics":["Tiny House","Juzu Bracelet","Bird Faced Urn","Vajra","Bag of Marbles","Kunai","Inserter","InkBottle","MealTicket"],"gold":183,"campfire_rested":1,"campfire_upgraded":3,"purchased_purges":2,"potions_floor_spawned":[6,11,14,16,18],"potions_floor_usage":[22],"current_hp_per_floor":[73,73,73,73,61,41,40,40,40,16,5,29,18,11,11,11,63,35,35,31,31,11,11,7,7,7,33,33,21,0],"max_hp_per_floor":[80,80,80,80,80,80,80,80,80,80,80,80,80,80,80,80,80,80,80,80,80,80,80,80,80,80,80,80,80,80],"gold_per_floor":[167,39,55,230,230,255,266,266,293,327,340,340,415,426,426,524,524,537,86,96,22,22,22,35,35,84,84,183,183,183],"path_per_floor":["M","$","M","?","?","E","M","?","T","E","M","R","?","M","R","B",null,"M","$","M","$","M","R","M","R","T","?","?","?","E"],"path_taken":["M","$","M","?","?","E","M","?","T","E","M","R","?","M","R","BOSS","M","$","M","$","M","R","M","R","T","?","?","?","E"],"items_purchased":["Cold Snap","Beam Cell","InkBottle","Conserve Battery","Defragment"],"item_purchase_floors":[2,19,19,19,21],"items_purged":["Strike_B","Doubt"],"items_purged_floors":[2,19],"character_chosen":"DEFECT","card_choices":[{"picked":"Sunder","not_picked":["Beam Cell","Auto Shields"],"floor":0},{"picked":"Coolheaded","not_picked":["Sweeping Beam","Redo"],"floor":1},{"picked":"Doom and Gloom","not_picked":["Streamline","Redo"],"floor":3},{"picked":"Electrodynamics","not_picked":["Turbo","Steam Power"],"floor":6},{"picked":"SKIP","not_picked":["Scrape","Storm","Redo"],"floor":7},{"picked":"Gash","not_picked":["Force Field","Coolheaded"],"floor":10},{"picked":"Leap","not_picked":["Skim","Recycle"],"floor":11},{"picked":"SKIP","not_picked":["Beam Cell","Sweeping Beam","Barrage"],"floor":14},{"picked":"Core Surge","not_picked":["Thunder Strike","Multi-Cast"],"floor":16},{"picked":"Scrape+1","not_picked":["Cold Snap","Turbo"],"floor":18},{"picked":"Go for the Eyes+1","not_picked":["Reinforced Body","Conserve Battery"],"floor":20},{"picked":"Doom and Gloom+1","not_picked":["Stack","Darkness"],"floor":24}],"event_choices":[{"event_name":"Liars Game","player_choice":"AGREE","floor":4,"cards_obtained":["Doubt"],"cards_removed":null,"cards_transformed":null,"cards_upgraded":null,"relics_obtained":null,"potions_obtained":null,"relics_lost":null,"damage_taken":0,"damage_healed":0,"max_hp_loss":0,"max_hp_gain":0,"gold_gain":175,"gold_loss":0},{"event_name":"Scrap Ooze","player_choice":"Success","floor":5,"cards_obtained":null,"cards_removed":null,"cards_transformed":null,"cards_upgraded":null,"relics_obtained":["Juzu Bracelet"],"potions_obtained":null,"relics_lost":null,"damage_taken":12,"damage_healed":0,"max_hp_loss":0,"max_hp_gain":0,"gold_gain":0,"gold_loss":0},{"event_name":"WeMeetAgain","player_choice":"Gave Potion","floor":8,"cards_obtained":null,"cards_removed":null,"cards_transformed":null,"cards_upgraded":null,"relics_obtained":["Vajra"],"potions_obtained":null,"relics_lost":null,"damage_taken":0,"damage_healed":0,"max_hp_loss":0,"max_hp_gain":0,"gold_gain":0,"gold_loss":0},{"event_name":"World of Goop","player_choice":"Gather Gold","floor":13,"cards_obtained":null,"cards_removed":null,"cards_transformed":null,"cards_upgraded":null,"relics_obtained":null,"potions_obtained":null,"relics_lost":null,"damage_taken":11,"damage_healed":0,"max_hp_loss":0,"max_hp_gain":0,"gold_gain":75,"gold_loss":0},{"event_name":"The Library","player_choice":"Heal","floor":27,"cards_obtained":null,"cards_removed":null,"cards_transformed":null,"cards_upgraded":null,"relics_obtained":null,"potions_obtained":null,"relics_lost":null,"damage_taken":0,"damage_healed":26,"max_hp_loss":0,"max_hp_gain":0,"gold_gain":0,"gold_loss":0},{"event_name":"Nest","player_choice":"Stole From Cult","floor":28,"cards_obtained":null,"cards_removed":null,"cards_transformed":null,"cards_upgraded":null,"relics_obtained":null,"potions_obtained":null,"relics_lost":null,"damage_taken":0,"damage_healed":0,"max_hp_loss":0,"max_hp_gain":0,"gold_gain":99,"gold_loss":0},{"event_name":"Colosseum","player_choice":"Fight","floor":29,"cards_obtained":null,"cards_removed":null,"cards_transformed":null,"cards_upgraded":null,"relics_obtained":null,"potions_obtained":null,"relics_lost":null,"damage_taken":0,"damage_healed":0,"max_hp_loss":0,"max_hp_gain":0,"gold_gain":0,"gold_loss":0},{"event_name":"Colosseum","player_choice":"Fled From Nobs","floor":29,"cards_obtained":null,"cards_removed":null,"cards_transformed":null,"cards_upgraded":null,"relics_obtained":null,"potions_obtained":null,"relics_lost":null,"damage_taken":0,"damage_healed":0,"max_hp_loss":0,"max_hp_gain":0,"gold_gain":0,"gold_loss":0}],"boss_relics":[{"picked":"Inserter","not_picked":["Coffee Dripper","SacredBark"]}],"damage_taken":[{"floor":1,"enemies":"Small Slimes","damage":0,"turns":2},{"floor":3,"enemies":"2 Louse","damage":0,"turns":2},{"floor":6,"enemies":"3 Sentries","damage":20,"turns":8},{"floor":7,"enemies":"Cultist","damage":3,"turns":4},{"floor":10,"enemies":"Lagavulin","damage":26,"turns":7},{"floor":11,"enemies":"3 Louse","damage":13,"turns":3},{"floor":14,"enemies":"Large Slime","damage":9,"turns":4},{"floor":16,"enemies":"Slime Boss","damage":2,"turns":7},{"floor":18,"enemies":"Shell Parasite","damage":30,"turns":7},{"floor":20,"enemies":"Spheric Guardian","damage":6,"turns":3},{"floor":22,"enemies":"Centurion and Healer","damage":24,"turns":5},{"floor":24,"enemies":"Cultist and Chosen","damage":8,"turns":5},{"floor":29,"enemies":"Colosseum Slavers","damage":16,"turns":6},{"floor":30,"enemies":"Gremlin Leader","damage":21,"turns":3}],"potions_obtained":[{"key":"FearPotion","floor":0},{"key":"FearPotion","floor":6},{"key":"SpeedPotion","floor":11},{"key":"FocusPotion","floor":14},{"key":"PotionOfCapacity","floor":16},{"key":"SmokeBomb","floor":18}],"relics_obtained":[{"key":"Bird Faced Urn","floor":6},{"key":"Bag of Marbles","floor":9},{"key":"Kunai","floor":10},{"key":"MealTicket","floor":26}],"campfire_choices":[{"floor":12,"key":"REST"},{"floor":15,"key":"SMITH","data":"Electrodynamics"},{"floor":23,"key":"SMITH","data":"Core Surge"},{"floor":25,"key":"SMITH","data":"Sunder"}],"circlet_count":0,"win_rate":0,"killed_by":"Gremlin Leader"}