{"play_id":"b4e9231a-f688-486d-b8d0-3d17a6366853","build_version":"2020-01-27","seed_played":"-3581299432400491479","chose_seed":false,"seed_source_timestamp":850214529478,"is_daily":false,"special_seed":null,"is_trial":false,"is_endless":false,"is_ascension_mode":true,"ascension_level":12,"neow_bonus":"THREE_ENEMY_KILL","neow_cost":"NONE","is_beta":false,"is_prod":false,"victory":false,"floor_reached":16,"score":213,"timestamp":1708487005,"local_time":"02/21/2024 03:43:25","playtime":555,"player_experience":537002,"master_deck":["AscendersBane","Strike_B","Strike_B","Strike_B","Defend_B","Defend_B","Zap+1","Dualcast+1","Cold Snap","All For One+1","Genetic Algorithm","Fusion+1","Redo+1","White Noise+1","Seek+1"],"relics":["Cracked Core","NeowsBlessing","Toxic Egg 2","Blue Candle","Tiny Chest"],"gold":179,"campfire_rested":1,"campfire_upgraded":3,"purchased_purges":1,"potions_floor_spawned":[6,12],"potions_floor_usage":[12],"current_hp_per_floor":[68,68,68,57,57,57,43,43,43,43,43,25,47,40,40,0],"max_hp_per_floor":[75,75,75,75,75,75,75,75,75,75,75,75,75,75,75,75],"gold_per_floor":[119,69,69,144,164,190,209,209,209,209,134,160,160,179,179,179],"path_per_floor":["M","?","?","?","M","E","M","R","T","R","$","E","R","M","R","B"],"path_taken":["M","?","?","?","M","E","M","R","T","R","$","E","R","M","R","BOSS"],"items_purchased":[],"item_purchase_floors":[],"items_purged":["Defend_B"],"items_purged_floors":[11],"character_chosen":"DEFECT","card_choices":[{"picked":"Cold Snap","not_picked":["Reinforced Body","Steam"],"floor":1},{"picked":"Genetic Algorithm","not_picked":["Conserve Battery","Melter"],"floor":5},{"picked":"Fusion+1","not_picked":["Compile Driver","Sweeping Beam"],"floor":6},{"picked":"Redo+1","not_picked":["Darkness+1","Coolheaded+1"],"floor":7},{"picked":"White Noise+1","not_picked":["Genetic Algorithm+1","Chill+1"],"floor":12},{"picked":"Seek+1","not_picked":["Sweeping Beam","Conserve Battery+1"],"floor":14}],"event_choices":[{"event_name":"The Cleric","player_choice":"Card Removal","floor":2,"cards_obtained":null,"cards_removed":["Strike_B"],"cards_transformed":null,"cards_upgraded":null,"relics_obtained":null,"potions_obtained":null,"relics_lost":null,"damage_taken":0,"damage_healed":0,"max_hp_loss":0,"max_hp_gain":0,"gold_gain":0,"gold_loss":50},{"event_name":"Living Wall","player_choice":"Change","floor":3,"cards_obtained":["All For One"],"cards_removed":null,"cards_transformed":["Defend_B"],"cards_upgraded":null,"relics_obtained":null,"potions_obtained":null,"relics_lost":null,"damage_taken":0,"damage_healed":0,"max_hp_loss":0,"max_hp_gain":0,"gold_gain":0,"gold_loss":0},{"event_name":"World of Goop","player_choice":"Gather Gold","floor":4,"cards_obtained":null,"cards_removed":null,"cards_transformed":null,"cards_upgraded":null,"relics_obtained":null,"potions_obtained":null,"relics_lost":null,"damage_taken":11,"damage_healed":0,"max_hp_loss":0,"max_hp_gain":0,"gold_gain":75,"gold_loss":0}],"boss_relics":[],"damage_taken":[{"floor":1,"enemies":"Jaw Worm","damage":0,"turns":1},{"floor":5,"enemies":"2 Louse","damage":0,"turns":1},{"floor":6,"enemies":"Gremlin Nob","damage":0,"turns":1},{"floor":7,"enemies":"Small Slimes","damage":14,"turns":3},{"floor":12,"enemies":"3 Sentries","damage":18,"turns":4},{"floor":14,"enemies":"Blue Slaver","damage":7,"turns":3},{"floor":16,"enemies":"The Guardian","damage":41,"turns":9}],"potions_obtained":[{"key":"LiquidMemories","floor":6},{"key":"PotionOfCapacity","floor":12}],"relics_obtained":[{"key":"Toxic Egg 2","floor":6},{"key":"Blue Candle","floor":9},{"key":"Tiny Chest","floor":12}],"campfire_choices":[{"floor":8,"key":"SMITH","data":"Zap"},{"floor":10,"key":"SMITH","data":"Dualcast"},{"floor":13,"key":"REST"},{"floor":15,"key":"SMITH","data":"All For One"}],"circlet_count":0,"win_rate":0,"killed_by":"The Guardian"}