{"play_id":"78d3ec77-594e-4cd2-b41c-a8fb035a56a7","build_version":"2020-01-27","seed_played":"2494079462839825426","chose_seed":false,"seed_source_timestamp":0,"is_daily":false,"special_seed":0,"is_trial":false,"is_endless":false,"is_ascension_mode":true,"ascension_level":12,"neow_bonus":"THREE_ENEMY_KILL","neow_cost":"NONE","is_beta":false,"is_prod":false,"victory":false,"floor_reached":31,"score":598,"timestamp":1708548327,"local_time":"02/21/2024 20:45:27","playtime":1025,"player_experience":538500,"master_deck":["AscendersBane","Strike_B","Strike_B","Strike_B","Defend_B","Defend_B","Defend_B","Zap+1","Dualcast+1","Genetic Algorithm","Injury","Ball Lightning","Biased Cognition+1","Ball Lightning","Self Repair+1","Undo","Loop+1","Biased Cognition+1","Tempest","Loop+1","Doom and Gloom","Ball Lightning","Creative AI+1","Echo Form+1","Static Discharge+1","Steam+1"],"relics":["FrozenCore","NeowsBlessing","Golden Idol","Question Card","Frozen Egg 2","Toy Ornithopter","Calipers","InkBottle","HornCleat","Red Mask","Blood Vial","Boot","Nloth's Gift"],"gold":90,"campfire_rested":0,"campfire_upgraded":4,"purchased_purges":1,"potions_floor_spawned":[1,4,8,13,18,20,25],"potions_floor_usage":[],"current_hp_per_floor":[68,68,68,68,68,68,68,58,58,50,50,50,60,60,60,75,75,75,75,74,71,51,19,19,35,35,30,30,30,30,0],"max_hp_per_floor":[75,75,75,75,75,75,75,75,75,75,75,75,75,75,75,75,75,75,75,75,75,75,75,75,75,75,75,75,75,75,75],"gold_per_floor":[118,118,68,83,83,117,117,148,148,187,187,222,245,2,2,133,133,147,68,99,119,133,171,171,211,237,257,257,90,90,90],"path_per_floor":["M","?","?","M","?","E","R","E","T","E","R","E","M","$","R","B","ul","M","$","?","M","M","E","?","E","T","M","?","$","R","E"],"path_taken":["M","?","?","M","?","E","R","E","T","E","R","E","?","$","R","BOSS","M","$","?","M","M","E","?","E","T","M","?","$","R","E"],"items_purchased":["HornCleat","Loop+1","Static Discharge+1","Steam"],"item_purchase_floors":[14,19,29,29],"items_purged":["Strike_B"],"items_purged_floors":[29],"character_chosen":"DEFECT","card_choices":[{"picked":"Genetic Algorithm","not_picked":["Reinforced Body","Undo"],"floor":1},{"picked":"Ball Lightning","not_picked":["Chaos","Streamline"],"floor":4},{"picked":"Ball Lightning","not_picked":["Redo","Coolheaded"],"floor":6},{"picked":"SKIP","not_picked":["Genetic Algorithm","Sweeping Beam","Skim","Fusion"],"floor":8},{"picked":"Self Repair+1","not_picked":["Barrage","Steam","Melter"],"floor":10},{"picked":"Undo","not_picked":["Coolheaded","Barrage","Sweeping Beam"],"floor":12},{"picked":"Loop+1","not_picked":["Chaos","Rebound","Undo"],"floor":13},{"picked":"Biased Cognition+1","not_picked":["Buffer+1","Multi-Cast","Seek"],"floor":16},{"picked":"Tempest","not_picked":["Leap","Skim+1","Rebound"],"floor":18},{"picked":"Doom and Gloom","not_picked":["Streamline+1","Double Energy","Turbo"],"floor":20},{"picked":"Ball Lightning","not_picked":["Streamline","Self Repair+1","Turbo"],"floor":21},{"picked":"SKIP","not_picked":["Turbo","Undo","Self Repair+1","Hologram"],"floor":22},{"picked":"Creative AI+1","not_picked":["Blizzard","Beam Cell","Reprogram"],"floor":23},{"picked":"Echo Form+1","not_picked":["Thunder Strike","Go for the Eyes","Turbo"],"floor":25},{"picked":"SKIP","not_picked":["Rebound","Heatsinks+1","Compile Driver","Go for the Eyes"],"floor":27}],"event_choices":[{"event_name":"Golden Idol","player_choice":"Take Wound","floor":2,"cards_obtained":["Injury"],"cards_removed":null,"cards_transformed":null,"cards_upgraded":null,"relics_obtained":["Golden Idol"],"potions_obtained":null,"relics_lost":null,"damage_taken":0,"damage_healed":0,"max_hp_loss":0,"max_hp_gain":0,"gold_gain":0,"gold_loss":0},{"event_name":"The Cleric","player_choice":"Card Removal","floor":3,"cards_obtained":null,"cards_removed":["Defend_B"],"cards_transformed":null,"cards_upgraded":null,"relics_obtained":null,"potions_obtained":null,"relics_lost":null,"damage_taken":0,"damage_healed":0,"max_hp_loss":0,"max_hp_gain":0,"gold_gain":0,"gold_loss":50},{"event_name":"Match and Keep!","player_choice":"1 cards matched","floor":5,"cards_obtained":["Biased Cognition"],"cards_removed":null,"cards_transformed":null,"cards_upgraded":null,"relics_obtained":null,"potions_obtained":null,"relics_lost":null,"damage_taken":0,"damage_healed":0,"max_hp_loss":0,"max_hp_gain":0,"gold_gain":0,"gold_loss":0},{"event_name":"Masked Bandits","player_choice":"Fought Bandits","floor":20,"cards_obtained":null,"cards_removed":null,"cards_transformed":null,"cards_upgraded":null,"relics_obtained":null,"potions_obtained":null,"relics_lost":null,"damage_taken":0,"damage_healed":0,"max_hp_loss":0,"max_hp_gain":0,"gold_gain":0,"gold_loss":0},{"event_name":"Cursed Tome","player_choice":"Ignored","floor":24,"cards_obtained":null,"cards_removed":null,"cards_transformed":null,"cards_upgraded":null,"relics_obtained":null,"potions_obtained":null,"relics_lost":null,"damage_taken":0,"damage_healed":0,"max_hp_loss":0,"max_hp_gain":0,"gold_gain":0,"gold_loss":0},{"event_name":"N'loth","player_choice":"Traded Relic","floor":28,"cards_obtained":null,"cards_removed":null,"cards_transformed":null,"cards_upgraded":null,"relics_obtained":["Nloth's Gift"],"potions_obtained":null,"relics_lost":["Nunchaku"],"damage_taken":0,"damage_healed":0,"max_hp_loss":0,"max_hp_gain":0,"gold_gain":0,"gold_loss":0}],"boss_relics":[{"picked":"FrozenCore","not_picked":["Cursed Key","Pandora's Box"]}],"damage_taken":[{"floor":1,"enemies":"Cultist","damage":0,"turns":1},{"floor":4,"enemies":"Jaw Worm","damage":0,"turns":1},{"floor":6,"enemies":"3 Sentries","damage":0,"turns":1},{"floor":8,"enemies":"Lagavulin","damage":10,"turns":4},{"floor":10,"enemies":"3 Sentries","damage":18,"turns":5},{"floor":12,"enemies":"Lagavulin","damage":10,"turns":5},{"floor":13,"enemies":"Small Slimes","damage":0,"turns":2},{"floor":16,"enemies":"Slime Boss","damage":0,"turns":6},{"floor":18,"enemies":"Shell Parasite","damage":0,"turns":5},{"floor":20,"enemies":"Masked Bandits","damage":11,"turns":5},{"floor":21,"enemies":"Spheric Guardian","damage":13,"turns":4},{"floor":22,"enemies":"Snecko","damage":20,"turns":5},{"floor":23,"enemies":"Book of Stabbing","damage":42,"turns":6},{"floor":25,"enemies":"Gremlin Leader","damage":1,"turns":6},{"floor":27,"enemies":"Chosen and Byrds","damage":27,"turns":5},{"floor":31,"enemies":"Slavers","damage":35,"turns":3}],"potions_obtained":[{"key":"FearPotion","floor":1},{"key":"Block Potion","floor":4},{"key":"Energy Potion","floor":8},{"key":"Explosive Potion","floor":13},{"key":"Dexterity Potion","floor":18},{"key":"LiquidBronze","floor":20},{"key":"AttackPotion","floor":25}],"relics_obtained":[{"key":"Question Card","floor":6},{"key":"Frozen Egg 2","floor":8},{"key":"Toy Ornithopter","floor":9},{"key":"Calipers","floor":10},{"key":"InkBottle","floor":12},{"key":"Red Mask","floor":20},{"key":"Blood Vial","floor":23},{"key":"Nunchaku","floor":25},{"key":"Boot","floor":26}],"campfire_choices":[{"floor":7,"key":"SMITH","data":"Biased Cognition"},{"floor":11,"key":"SMITH","data":"Dualcast"},{"floor":15,"key":"SMITH","data":"Zap"},{"floor":30,"key":"SMITH","data":"Steam"}],"circlet_count":0,"win_rate":0,"killed_by":"Slavers"}