{"play_id":"2881a213-a612-4ca1-9358-b42bbffacd17","build_version":"2020-01-27","seed_played":"-4466777502474720637","chose_seed":false,"seed_source_timestamp":1729304007333,"is_daily":false,"special_seed":null,"is_trial":false,"is_endless":false,"is_ascension_mode":true,"ascension_level":12,"neow_bonus":"RANDOM_COLORLESS_2","neow_cost":"PERCENT_DAMAGE","is_beta":false,"is_prod":false,"victory":false,"floor_reached":8,"score":90,"timestamp":1708716989,"local_time":"02/23/2024 19:36:29","playtime":225,"player_experience":542611,"master_deck":["AscendersBane","Strike_B","Strike_B","Strike_B","Defend_B","Defend_B","Defend_B","Defend_B","Zap","Dualcast","Apotheosis","Chaos","Storm","Beam Cell","Loop"],"relics":["Cracked Core","Boot","HornCleat"],"gold":172,"campfire_rested":1,"campfire_upgraded":0,"purchased_purges":0,"potions_floor_spawned":[3,5],"potions_floor_usage":[],"current_hp_per_floor":[40,40,32,29,18,8,30,0],"max_hp_per_floor":[75,75,75,75,75,75,75,75],"gold_per_floor":[119,119,134,134,146,172,172,172],"path_per_floor":["M","?","M","?","M","E","R","E"],"path_taken":["M","?","M","?","M","E","R","E"],"items_purchased":[],"item_purchase_floors":[],"items_purged":[],"items_purged_floors":[],"character_chosen":"DEFECT","card_choices":[{"picked":"Apotheosis","not_picked":["Transmutation","Secret Technique"],"floor":0},{"picked":"Chaos","not_picked":["Go for the Eyes","Self Repair"],"floor":1},{"picked":"Beam Cell","not_picked":["Barrage","Coolheaded"],"floor":3},{"picked":"SKIP","not_picked":["Conserve Battery","Rebound","Force Field"],"floor":5},{"picked":"Loop","not_picked":["Compile Driver","Turbo"],"floor":6}],"event_choices":[{"event_name":"Living Wall","player_choice":"Change","floor":2,"cards_obtained":["Storm"],"cards_removed":null,"cards_transformed":["Strike_B"],"cards_upgraded":null,"relics_obtained":null,"potions_obtained":null,"relics_lost":null,"damage_taken":0,"damage_healed":0,"max_hp_loss":0,"max_hp_gain":0,"gold_gain":0,"gold_loss":0},{"event_name":"Scrap Ooze","player_choice":"Success","floor":4,"cards_obtained":null,"cards_removed":null,"cards_transformed":null,"cards_upgraded":null,"relics_obtained":["Boot"],"potions_obtained":null,"relics_lost":null,"damage_taken":3,"damage_healed":0,"max_hp_loss":0,"max_hp_gain":0,"gold_gain":0,"gold_loss":0}],"boss_relics":[],"damage_taken":[{"floor":1,"enemies":"Small Slimes","damage":10,"turns":3},{"floor":3,"enemies":"2 Louse","damage":8,"turns":3},{"floor":5,"enemies":"Cultist","damage":11,"turns":4},{"floor":6,"enemies":"Lagavulin","damage":10,"turns":6},{"floor":8,"enemies":"Gremlin Nob","damage":36,"turns":4}],"potions_obtained":[{"key":"Fire Potion","floor":3},{"key":"Explosive Potion","floor":5}],"relics_obtained":[{"key":"HornCleat","floor":6}],"campfire_choices":[{"floor":7,"key":"REST"}],"circlet_count":0,"win_rate":0,"killed_by":"Gremlin Nob"}