{"play_id":"e18b7c9f-7e81-41ad-a41c-49ac6b721d14","build_version":"2020-01-27","seed_played":"6340847601031779269","chose_seed":false,"seed_source_timestamp":3138558107008,"is_daily":false,"special_seed":null,"is_trial":false,"is_endless":false,"is_ascension_mode":true,"ascension_level":12,"neow_bonus":"ONE_RANDOM_RARE_CARD","neow_cost":"NONE","is_beta":false,"is_prod":false,"victory":false,"floor_reached":13,"score":133,"timestamp":1708979997,"local_time":"02/26/2024 20:39:57","playtime":395,"player_experience":555129,"master_deck":["AscendersBane","Strike_B","Strike_B","Defend_B","Defend_B","Defend_B","Defend_B","Zap","Dualcast","Creative AI+1","Streamline+1","Sweeping Beam","Coolheaded","Scrape+1"],"relics":["Cracked Core","Pantograph","Membership Card","Molten Egg 2"],"gold":36,"campfire_rested":0,"campfire_upgraded":2,"purchased_purges":0,"potions_floor_spawned":[11],"potions_floor_usage":[13],"current_hp_per_floor":[68,68,67,72,65,65,19,19,19,19,6,6,0],"max_hp_per_floor":[75,75,75,80,80,80,80,80,80,80,80,80,80],"gold_per_floor":[109,109,128,128,140,140,174,22,22,22,36,36,36],"path_per_floor":["M","?","M","?","M","R","E","$","T","R","M","?","E"],"path_taken":["M","?","?","?","M","R","E","$","T","R","M","?","E"],"items_purchased":["Membership Card"],"item_purchase_floors":[8],"items_purged":[],"items_purged_floors":[],"character_chosen":"DEFECT","card_choices":[{"picked":"Streamline","not_picked":["Hologram","Leap"],"floor":1},{"picked":"Sweeping Beam","not_picked":["Coolheaded","Recycle"],"floor":3},{"picked":"Coolheaded","not_picked":["Redo","Reinforced Body"],"floor":5},{"picked":"SKIP","not_picked":["Coolheaded","Streamline","Compile Driver"],"floor":7},{"picked":"Scrape+1","not_picked":["Gash+1","Hologram"],"floor":11}],"event_choices":[{"event_name":"Wheel of Change","player_choice":"Card Removal","floor":2,"cards_obtained":null,"cards_removed":["Strike_B"],"cards_transformed":null,"cards_upgraded":null,"relics_obtained":null,"potions_obtained":null,"relics_lost":null,"damage_taken":0,"damage_healed":0,"max_hp_loss":0,"max_hp_gain":0,"gold_gain":0,"gold_loss":0},{"event_name":"Big Fish","player_choice":"Donut","floor":4,"cards_obtained":null,"cards_removed":null,"cards_transformed":null,"cards_upgraded":null,"relics_obtained":null,"potions_obtained":null,"relics_lost":null,"damage_taken":0,"damage_healed":0,"max_hp_loss":0,"max_hp_gain":5,"gold_gain":0,"gold_loss":0},{"event_name":"Living Wall","player_choice":"Forget","floor":12,"cards_obtained":null,"cards_removed":["Strike_B"],"cards_transformed":null,"cards_upgraded":null,"relics_obtained":null,"potions_obtained":null,"relics_lost":null,"damage_taken":0,"damage_healed":0,"max_hp_loss":0,"max_hp_gain":0,"gold_gain":0,"gold_loss":0}],"boss_relics":[],"damage_taken":[{"floor":1,"enemies":"Small Slimes","damage":0,"turns":2},{"floor":3,"enemies":"Cultist","damage":1,"turns":3},{"floor":5,"enemies":"Jaw Worm","damage":7,"turns":3},{"floor":7,"enemies":"Lagavulin","damage":46,"turns":8},{"floor":11,"enemies":"Large Slime","damage":13,"turns":4},{"floor":13,"enemies":"Gremlin Nob","damage":6,"turns":2}],"potions_obtained":[{"key":"Swift Potion","floor":11}],"relics_obtained":[{"key":"Pantograph","floor":7},{"key":"Molten Egg 2","floor":9}],"campfire_choices":[{"floor":6,"key":"SMITH","data":"Creative AI"},{"floor":10,"key":"SMITH","data":"Streamline"}],"circlet_count":0,"win_rate":0,"killed_by":"Gremlin Nob"}