{"play_id":"88dfd39a-dfac-4cb6-8add-e58b5211e8f7","build_version":"2020-01-27","seed_played":"3746932795245412692","chose_seed":false,"seed_source_timestamp":46843282724,"is_daily":false,"special_seed":null,"is_trial":false,"is_endless":false,"is_ascension_mode":true,"ascension_level":12,"neow_bonus":"ONE_RANDOM_RARE_CARD","neow_cost":"NONE","is_beta":false,"is_prod":false,"victory":false,"floor_reached":33,"score":504,"timestamp":1708318223,"local_time":"02/19/2024 04:50:23","playtime":1794,"player_experience":528701,"master_deck":["AscendersBane","Strike_B","Strike_B","Defend_B","Defend_B","Defend_B","Zap","Dualcast","Seek","Streamline+1","Beam Cell","Redo","Darkness","Leap","Buffer","Core Surge","Rainbow","CurseOfTheBell","Glacier","Beam Cell","Loop","Hologram","Tempest"],"relics":["Cracked Core","Golden Idol","Incense Burner","Mercury Hourglass","StrikeDummy","Calling Bell","Strawberry","Ornamental Fan","Gambling Chip","Sling","Red Mask","Cables","Bag of Marbles","White Beast Statue"],"gold":102,"campfire_rested":5,"campfire_upgraded":1,"purchased_purges":2,"potions_floor_spawned":[1,4,7,14,19,22,31],"potions_floor_usage":[8,16,21,21,24,33],"current_hp_per_floor":[68,50,43,42,42,42,32,30,30,30,30,20,20,14,36,36,72,49,49,49,15,2,26,3,27,27,27,27,27,51,10,34,0],"max_hp_per_floor":[75,75,75,75,75,75,75,75,75,75,75,75,75,75,75,75,82,82,82,82,82,82,82,82,82,82,82,82,82,82,82,82,82],"gold_per_floor":[112,112,137,150,75,75,114,134,134,34,64,88,11,35,35,156,156,179,194,45,70,94,94,138,138,138,63,63,63,63,102,102,102],"path_per_floor":["M","?","M","M","$","R","E","M","T","$","?","M","$","M","R","B",null,"M","M","$","M","M","R","?","R","T","?","T","?","R","E","R","B"],"path_taken":["M","?","M","M","$","R","E","M","T","$","?","M","?","?","R","BOSS","M","?","$","M","M","R","?","R","T","?","?","?","R","E","R","BOSS"],"items_purchased":["Buffer","Sling"],"item_purchase_floors":[13,20],"items_purged":["Strike_B","Strike_B"],"items_purged_floors":[5,10],"character_chosen":"DEFECT","card_choices":[{"picked":"Streamline","not_picked":["Leap","Capacitor"],"floor":1},{"picked":"Beam Cell","not_picked":["Cold Snap","Streamline"],"floor":3},{"picked":"Redo","not_picked":["Recycle","Reprogram"],"floor":4},{"picked":"Darkness","not_picked":["Hello World","Steam"],"floor":7},{"picked":"SKIP","not_picked":["Sweeping Beam","Streamline","Rebound"],"floor":8},{"picked":"Leap","not_picked":["Gash","Turbo"],"floor":12},{"picked":"Core Surge","not_picked":["Chill","Force Field"],"floor":14},{"picked":"Rainbow","not_picked":["Buffer","Seek"],"floor":16},{"picked":"Glacier","not_picked":["Compile Driver","Rebound"],"floor":18},{"picked":"SKIP","not_picked":["Hologram","Aggregate","Skim"],"floor":19},{"picked":"Beam Cell","not_picked":["Genetic Algorithm","Cold Snap+1"],"floor":21},{"picked":"Loop","not_picked":["Barrage","Turbo"],"floor":22},{"picked":"Hologram","not_picked":["Rebound","Scrape"],"floor":24},{"picked":"Tempest","not_picked":["Glacier","Compile Driver"],"floor":31}],"event_choices":[{"event_name":"Golden Idol","player_choice":"Take Damage","floor":2,"cards_obtained":null,"cards_removed":null,"cards_transformed":null,"cards_upgraded":null,"relics_obtained":["Golden Idol"],"potions_obtained":null,"relics_lost":null,"damage_taken":18,"damage_healed":0,"max_hp_loss":0,"max_hp_gain":0,"gold_gain":0,"gold_loss":0},{"event_name":"Dead Adventurer","player_choice":"Searched '2' times","floor":11,"cards_obtained":null,"cards_removed":null,"cards_transformed":null,"cards_upgraded":null,"relics_obtained":["StrikeDummy"],"potions_obtained":null,"relics_lost":null,"damage_taken":0,"damage_healed":0,"max_hp_loss":0,"max_hp_gain":0,"gold_gain":30,"gold_loss":0},{"event_name":"Masked Bandits","player_choice":"Fought Bandits","floor":24,"cards_obtained":null,"cards_removed":null,"cards_transformed":null,"cards_upgraded":null,"relics_obtained":null,"potions_obtained":null,"relics_lost":null,"damage_taken":0,"damage_healed":0,"max_hp_loss":0,"max_hp_gain":0,"gold_gain":0,"gold_loss":0},{"event_name":"Beggar","player_choice":"Gave Gold","floor":27,"cards_obtained":null,"cards_removed":["Defend_B"],"cards_transformed":null,"cards_upgraded":null,"relics_obtained":null,"potions_obtained":null,"relics_lost":null,"damage_taken":0,"damage_healed":0,"max_hp_loss":0,"max_hp_gain":0,"gold_gain":0,"gold_loss":75},{"event_name":"Colosseum","player_choice":"Fight","floor":29,"cards_obtained":null,"cards_removed":null,"cards_transformed":null,"cards_upgraded":null,"relics_obtained":null,"potions_obtained":null,"relics_lost":null,"damage_taken":0,"damage_healed":0,"max_hp_loss":0,"max_hp_gain":0,"gold_gain":0,"gold_loss":0},{"event_name":"Colosseum","player_choice":"Fled From Nobs","floor":29,"cards_obtained":null,"cards_removed":null,"cards_transformed":null,"cards_upgraded":null,"relics_obtained":null,"potions_obtained":null,"relics_lost":null,"damage_taken":0,"damage_healed":0,"max_hp_loss":0,"max_hp_gain":0,"gold_gain":0,"gold_loss":0}],"boss_relics":[{"picked":"Calling Bell","not_picked":["Busted Crown","Ectoplasm"]}],"damage_taken":[{"floor":1,"enemies":"Small Slimes","damage":0,"turns":3},{"floor":3,"enemies":"Jaw Worm","damage":7,"turns":2},{"floor":4,"enemies":"Cultist","damage":1,"turns":3},{"floor":7,"enemies":"Gremlin Nob","damage":10,"turns":3},{"floor":8,"enemies":"3 Louse","damage":2,"turns":3},{"floor":12,"enemies":"2 Fungi Beasts","damage":10,"turns":3},{"floor":14,"enemies":"Looter","damage":6,"turns":2},{"floor":16,"enemies":"Slime Boss","damage":0,"turns":6},{"floor":18,"enemies":"Shell Parasite","damage":23,"turns":7},{"floor":19,"enemies":"Spheric Guardian","damage":0,"turns":4},{"floor":21,"enemies":"Centurion and Healer","damage":34,"turns":5},{"floor":22,"enemies":"Snecko","damage":13,"turns":4},{"floor":24,"enemies":"Masked Bandits","damage":23,"turns":6},{"floor":29,"enemies":"Colosseum Slavers","damage":0,"turns":4},{"floor":31,"enemies":"Gremlin Leader","damage":41,"turns":9},{"floor":33,"enemies":"Automaton","damage":40,"turns":4}],"potions_obtained":[{"key":"FearPotion","floor":1},{"key":"SmokeBomb","floor":4},{"key":"Dexterity Potion","floor":7},{"key":"AttackPotion","floor":14},{"key":"Explosive Potion","floor":19},{"key":"DistilledChaos","floor":22},{"key":"Block Potion","floor":31}],"relics_obtained":[{"key":"Incense Burner","floor":7},{"key":"Mercury Hourglass","floor":9},{"key":"Strawberry","floor":17},{"key":"Ornamental Fan","floor":17},{"key":"Gambling Chip","floor":17},{"key":"Red Mask","floor":24},{"key":"Cables","floor":26},{"key":"Bag of Marbles","floor":28},{"key":"White Beast Statue","floor":31}],"campfire_choices":[{"floor":6,"key":"SMITH","data":"Streamline"},{"floor":15,"key":"REST"},{"floor":23,"key":"REST"},{"floor":25,"key":"REST"},{"floor":30,"key":"REST"},{"floor":32,"key":"REST"}],"circlet_count":0,"win_rate":0,"killed_by":"Automaton"}