{"play_id":"abc7fa92-86a8-43ff-988c-c5c6588cd5c6","build_version":"2020-01-27","seed_played":"-933899134887864724","chose_seed":false,"seed_source_timestamp":1838017278908,"is_daily":false,"special_seed":null,"is_trial":false,"is_endless":false,"is_ascension_mode":true,"ascension_level":12,"neow_bonus":"TEN_PERCENT_HP_BONUS","neow_cost":"NONE","is_beta":false,"is_prod":false,"victory":false,"floor_reached":19,"score":277,"timestamp":1708742333,"local_time":"02/24/2024 02:38:53","playtime":980,"player_experience":542836,"master_deck":["AscendersBane","Strike_B","Strike_B","Strike_B","Defend_B","Defend_B","Defend_B","Defend_B","Zap","Dualcast+1","Beam Cell","Gash","Ball Lightning","Beam Cell","Darkness","Static Discharge","Scrape","Scrape","FTL","Loop","Undo","Ball Lightning","All For One","FTL"],"relics":["Cracked Core","MealTicket","StrikeDummy","Runic Pyramid"],"gold":176,"campfire_rested":1,"campfire_upgraded":1,"purchased_purges":1,"potions_floor_spawned":[3,5,13,14,16,18],"potions_floor_usage":[5,13,18,18,19],"current_hp_per_floor":[74,74,67,56,54,54,29,9,9,9,24,17,8,8,32,9,64,53,0],"max_hp_per_floor":[82,82,82,82,82,82,82,82,82,82,82,82,82,82,82,82,82,82,82],"gold_per_floor":[113,12,28,103,121,121,153,164,164,176,14,30,49,63,63,163,163,176,176],"path_per_floor":["M","$","M","?","M","R","E","M","T","M","$","M","M","M","R","B",null,"M","?"],"path_taken":["M","$","?","?","M","R","E","M","T","M","?","M","?","M","R","BOSS","M","?"],"items_purchased":["Gash","Scrape","FTL"],"item_purchase_floors":[2,11,11],"items_purged":["Strike_B"],"items_purged_floors":[2],"character_chosen":"DEFECT","card_choices":[{"picked":"Beam Cell","not_picked":["Steam","Stack"],"floor":1},{"picked":"Ball Lightning","not_picked":["Barrage","Capacitor"],"floor":3},{"picked":"Beam Cell","not_picked":["Sweeping Beam","Hello World"],"floor":5},{"picked":"Darkness","not_picked":["Aggregate","Rip and Tear"],"floor":7},{"picked":"Static Discharge","not_picked":["Streamline","Rebound"],"floor":8},{"picked":"Scrape","not_picked":["Turbo","Gash"],"floor":10},{"picked":"Loop","not_picked":["Sweeping Beam","Meteor Strike"],"floor":12},{"picked":"Undo","not_picked":["Beam Cell","Aggregate"],"floor":13},{"picked":"Ball Lightning","not_picked":["Redo","Cold Snap"],"floor":14},{"picked":"All For One","not_picked":["Amplify","Seek"],"floor":16},{"picked":"FTL","not_picked":["Barrage","Hello World"],"floor":18}],"event_choices":[{"event_name":"World of Goop","player_choice":"Gather Gold","floor":4,"cards_obtained":null,"cards_removed":null,"cards_transformed":null,"cards_upgraded":null,"relics_obtained":null,"potions_obtained":null,"relics_lost":null,"damage_taken":11,"damage_healed":0,"max_hp_loss":0,"max_hp_gain":0,"gold_gain":75,"gold_loss":0},{"event_name":"Masked Bandits","player_choice":"Fought Bandits","floor":19,"cards_obtained":null,"cards_removed":null,"cards_transformed":null,"cards_upgraded":null,"relics_obtained":null,"potions_obtained":null,"relics_lost":null,"damage_taken":0,"damage_healed":0,"max_hp_loss":0,"max_hp_gain":0,"gold_gain":0,"gold_loss":0}],"boss_relics":[{"picked":"Runic Pyramid","not_picked":["Philosopher's Stone","Pandora's Box"]}],"damage_taken":[{"floor":1,"enemies":"Cultist","damage":1,"turns":3},{"floor":3,"enemies":"Small Slimes","damage":7,"turns":3},{"floor":5,"enemies":"Jaw Worm","damage":2,"turns":2},{"floor":7,"enemies":"Lagavulin","damage":25,"turns":7},{"floor":8,"enemies":"Lots of Slimes","damage":20,"turns":4},{"floor":10,"enemies":"2 Fungi Beasts","damage":0,"turns":2},{"floor":12,"enemies":"3 Louse","damage":7,"turns":2},{"floor":13,"enemies":"Red Slaver","damage":9,"turns":3},{"floor":14,"enemies":"Large Slime","damage":0,"turns":3},{"floor":16,"enemies":"Slime Boss","damage":23,"turns":7},{"floor":18,"enemies":"2 Thieves","damage":11,"turns":3},{"floor":19,"enemies":"Masked Bandits","damage":53,"turns":3}],"potions_obtained":[{"key":"Swift Potion","floor":3},{"key":"Dexterity Potion","floor":5},{"key":"SmokeBomb","floor":13},{"key":"SkillPotion","floor":14},{"key":"DuplicationPotion","floor":16},{"key":"BlessingOfTheForge","floor":18}],"relics_obtained":[{"key":"MealTicket","floor":7},{"key":"StrikeDummy","floor":9}],"campfire_choices":[{"floor":6,"key":"SMITH","data":"Dualcast"},{"floor":15,"key":"REST"}],"circlet_count":0,"win_rate":0,"killed_by":"Masked Bandits"}