{"play_id":"2b15c72c-006c-43d6-a6e2-ff46711ee946","build_version":"2020-01-27","seed_played":"-4242042916052477702","chose_seed":false,"seed_source_timestamp":1922596042358,"is_daily":false,"special_seed":null,"is_trial":false,"is_endless":false,"is_ascension_mode":true,"ascension_level":12,"neow_bonus":"THREE_ENEMY_KILL","neow_cost":"NONE","is_beta":false,"is_prod":false,"victory":false,"floor_reached":11,"score":114,"timestamp":1708750177,"local_time":"02/24/2024 04:49:37","playtime":253,"player_experience":547382,"master_deck":["AscendersBane","Strike_B","Strike_B","Strike_B","Strike_B","Defend_B","Defend_B","Defend_B","Zap","Dualcast","Hologram","Conserve Battery","Gash","Capacitor","Static Discharge","Doubt"],"relics":["Cracked Core","NeowsBlessing","MealTicket","Shovel","Bag of Preparation","Frozen Egg 2","FaceOfCleric"],"gold":310,"campfire_rested":0,"campfire_upgraded":0,"purchased_purges":1,"potions_floor_spawned":[2],"potions_floor_usage":[11],"current_hp_per_floor":[68,68,50,50,65,5,5,5,5,5,0],"max_hp_per_floor":[75,75,75,75,75,75,75,75,75,75,75],"gold_per_floor":[113,125,125,138,25,59,59,234,310,310,310],"path_per_floor":["M","M","?","M","$","E","R","?","T","?","E"],"path_taken":["M","M","?","M","$","E","R","?","T","?","E"],"items_purchased":["Capacitor"],"item_purchase_floors":[5],"items_purged":["Defend_B"],"items_purged_floors":[5],"character_chosen":"DEFECT","card_choices":[{"picked":"Hologram","not_picked":["Stack","Turbo"],"floor":1},{"picked":"Conserve Battery","not_picked":["Steam","Capacitor"],"floor":2},{"picked":"Gash","not_picked":["Steam","Heatsinks"],"floor":4},{"picked":"Static Discharge","not_picked":["Lockon","Cold Snap"],"floor":6}],"event_choices":[{"event_name":"Scrap Ooze","player_choice":"Success","floor":3,"cards_obtained":null,"cards_removed":null,"cards_transformed":null,"cards_upgraded":null,"relics_obtained":["MealTicket"],"potions_obtained":null,"relics_lost":null,"damage_taken":18,"damage_healed":0,"max_hp_loss":0,"max_hp_gain":0,"gold_gain":0,"gold_loss":0},{"event_name":"Liars Game","player_choice":"AGREE","floor":8,"cards_obtained":["Doubt"],"cards_removed":null,"cards_transformed":null,"cards_upgraded":null,"relics_obtained":null,"potions_obtained":null,"relics_lost":null,"damage_taken":0,"damage_healed":0,"max_hp_loss":0,"max_hp_gain":0,"gold_gain":175,"gold_loss":0},{"event_name":"FaceTrader","player_choice":"Trade","floor":10,"cards_obtained":null,"cards_removed":null,"cards_transformed":null,"cards_upgraded":null,"relics_obtained":["FaceOfCleric"],"potions_obtained":null,"relics_lost":null,"damage_taken":0,"damage_healed":0,"max_hp_loss":0,"max_hp_gain":0,"gold_gain":0,"gold_loss":0}],"boss_relics":[],"damage_taken":[{"floor":1,"enemies":"Jaw Worm","damage":0,"turns":1},{"floor":2,"enemies":"Small Slimes","damage":0,"turns":1},{"floor":4,"enemies":"Cultist","damage":0,"turns":1},{"floor":6,"enemies":"Lagavulin","damage":60,"turns":9},{"floor":11,"enemies":"3 Sentries","damage":6,"turns":2}],"potions_obtained":[{"key":"EssenceOfSteel","floor":2}],"relics_obtained":[{"key":"Shovel","floor":6},{"key":"Bag of Preparation","floor":7},{"key":"Frozen Egg 2","floor":9}],"campfire_choices":[{"floor":7,"key":"DIG"}],"circlet_count":0,"win_rate":0,"killed_by":"3 Sentries"}