{"play_id":"2cde4e09-dd92-404c-b782-6d4f5c1173ab","build_version":"2020-01-27","seed_played":"3073867937853308641","chose_seed":false,"seed_source_timestamp":2473891332528,"is_daily":false,"special_seed":null,"is_trial":false,"is_endless":false,"is_ascension_mode":true,"ascension_level":13,"neow_bonus":"ONE_RANDOM_RARE_CARD","neow_cost":"NONE","is_beta":false,"is_prod":false,"victory":false,"floor_reached":25,"score":403,"timestamp":1713444175,"local_time":"04/18/2024 12:42:55","playtime":864,"player_experience":621176,"master_deck":["AscendersBane","Strike_B","Strike_B","Defend_B","Defend_B","Defend_B","Zap","Dualcast+1","Doom and Gloom","Double Energy+1","Auto Shields","Glacier","Redo","Lockon+1","Electrodynamics","Ball Lightning","Sunder","Reboot"],"relics":["Cracked Core","FossilizedHelix","HornCleat","Tiny Chest","StrikeDummy","Empty Cage","Juzu Bracelet","MealTicket"],"gold":507,"campfire_rested":1,"campfire_upgraded":3,"purchased_purges":0,"potions_floor_spawned":[3,11,12,16,18,20],"potions_floor_usage":[7,16,23,25],"current_hp_per_floor":[68,85,85,80,69,69,30,30,30,30,17,17,17,45,45,32,72,49,33,33,33,33,3,30,0],"max_hp_per_floor":[75,85,85,85,85,85,85,85,85,85,85,85,85,85,85,85,85,85,90,90,90,90,90,90,90],"gold_per_floor":[115,115,127,138,213,213,238,238,238,284,312,331,346,346,346,418,418,432,432,449,449,476,507,507,507],"path_per_floor":["M","?","M","M","?","R","E","R","T","T","E","M","M","?","R","B",null,"M","?","M","?","T","E","R","E"],"path_taken":["M","?","?","?","?","R","E","R","T","?","E","M","M","?","R","BOSS","M","?","M","?","?","E","R","E"],"items_purchased":[],"item_purchase_floors":[],"items_purged":[],"items_purged_floors":[],"character_chosen":"DEFECT","card_choices":[{"picked":"Doom and Gloom","not_picked":["Sweeping Beam","Leap"],"floor":1},{"picked":"Double Energy","not_picked":["Go for the Eyes","Blizzard"],"floor":3},{"picked":"Auto Shields","not_picked":["Conserve Battery","Compile Driver"],"floor":4},{"picked":"Glacier","not_picked":["Cold Snap","FTL"],"floor":7},{"picked":"Redo","not_picked":["Hyperbeam","Cold Snap"],"floor":11},{"picked":"SKIP","not_picked":["Heatsinks","Stack","Sweeping Beam"],"floor":12},{"picked":"Lockon","not_picked":["Cold Snap","Undo"],"floor":13},{"picked":"Electrodynamics","not_picked":["Seek","Amplify"],"floor":16},{"picked":"SKIP","not_picked":["Streamline","Stack","Rebound"],"floor":18},{"picked":"Ball Lightning","not_picked":["Rebound","Stack"],"floor":20},{"picked":"Reboot","not_picked":["Turbo","BootSequence+1"],"floor":23}],"event_choices":[{"event_name":"Bonfire Elementals","player_choice":"Offered Rare","floor":2,"cards_obtained":null,"cards_removed":["Meteor Strike"],"cards_transformed":null,"cards_upgraded":null,"relics_obtained":null,"potions_obtained":null,"relics_lost":null,"damage_taken":0,"damage_healed":7,"max_hp_loss":0,"max_hp_gain":10,"gold_gain":0,"gold_loss":0},{"event_name":"World of Goop","player_choice":"Gather Gold","floor":5,"cards_obtained":null,"cards_removed":null,"cards_transformed":null,"cards_upgraded":null,"relics_obtained":null,"potions_obtained":null,"relics_lost":null,"damage_taken":11,"damage_healed":0,"max_hp_loss":0,"max_hp_gain":0,"gold_gain":75,"gold_loss":0},{"event_name":"Big Fish","player_choice":"Banana","floor":14,"cards_obtained":null,"cards_removed":null,"cards_transformed":null,"cards_upgraded":null,"relics_obtained":null,"potions_obtained":null,"relics_lost":null,"damage_taken":0,"damage_healed":28,"max_hp_loss":0,"max_hp_gain":0,"gold_gain":0,"gold_loss":0},{"event_name":"Forgotten Altar","player_choice":"Shed Blood","floor":19,"cards_obtained":null,"cards_removed":null,"cards_transformed":null,"cards_upgraded":null,"relics_obtained":null,"potions_obtained":null,"relics_lost":null,"damage_taken":21,"damage_healed":0,"max_hp_loss":0,"max_hp_gain":5,"gold_gain":0,"gold_loss":0},{"event_name":"Transmorgrifier","player_choice":"Transformed","floor":21,"cards_obtained":["Sunder"],"cards_removed":null,"cards_transformed":["Strike_B"],"cards_upgraded":null,"relics_obtained":null,"potions_obtained":null,"relics_lost":null,"damage_taken":0,"damage_healed":0,"max_hp_loss":0,"max_hp_gain":0,"gold_gain":0,"gold_loss":0}],"boss_relics":[{"picked":"Empty Cage","not_picked":["Inserter","Velvet Choker"]}],"damage_taken":[{"floor":1,"enemies":"Small Slimes","damage":0,"turns":3},{"floor":3,"enemies":"Cultist","damage":0,"turns":4},{"floor":4,"enemies":"2 Louse","damage":5,"turns":2},{"floor":7,"enemies":"Lagavulin","damage":39,"turns":8},{"floor":11,"enemies":"3 Sentries","damage":13,"turns":11},{"floor":12,"enemies":"2 Fungi Beasts","damage":0,"turns":2},{"floor":13,"enemies":"Large Slime","damage":0,"turns":4},{"floor":16,"enemies":"Hexaghost","damage":13,"turns":11},{"floor":18,"enemies":"Shell Parasite","damage":23,"turns":4},{"floor":20,"enemies":"Chosen","damage":0,"turns":3},{"floor":23,"enemies":"Slavers","damage":30,"turns":7},{"floor":25,"enemies":"Book of Stabbing","damage":38,"turns":3}],"potions_obtained":[{"key":"SneckoOil","floor":3},{"key":"LiquidBronze","floor":11},{"key":"Energy Potion","floor":12},{"key":"SneckoOil","floor":16},{"key":"ColorlessPotion","floor":20}],"relics_obtained":[{"key":"FossilizedHelix","floor":7},{"key":"HornCleat","floor":9},{"key":"Tiny Chest","floor":10},{"key":"StrikeDummy","floor":11},{"key":"Juzu Bracelet","floor":22},{"key":"MealTicket","floor":23}],"campfire_choices":[{"floor":6,"key":"SMITH","data":"Dualcast"},{"floor":8,"key":"SMITH","data":"Double Energy"},{"floor":15,"key":"SMITH","data":"Lockon"},{"floor":24,"key":"REST"}],"circlet_count":0,"win_rate":0,"killed_by":"Book of Stabbing"}