{"play_id":"1b5671e4-7da1-438c-8c36-77b6fc13b7f6","build_version":"2020-01-27","seed_played":"-8334498022563318435","chose_seed":false,"seed_source_timestamp":0,"is_daily":false,"special_seed":0,"is_trial":false,"is_endless":false,"is_ascension_mode":true,"ascension_level":13,"neow_bonus":"RANDOM_COLORLESS_2","neow_cost":"CURSE","is_beta":false,"is_prod":false,"victory":true,"floor_reached":51,"score":1350,"timestamp":1713960571,"local_time":"04/24/2024 12:09:31","playtime":2193,"player_experience":625378,"master_deck":["AscendersBane","Strike_B","Strike_B","Defend_B","Defend_B","Defend_B","Zap","Dualcast","Apotheosis+1","Ball Lightning","Auto Shields+1","Sunder","Chaos+1","Glacier","Ball Lightning","Lockon","Thunder Strike","CurseOfTheBell","Ball Lightning","Fission+1","Fission","Core Surge","Ball Lightning","Static Discharge","Tempest","Stack+1","Electrodynamics"],"relics":["Cracked Core","Gambling Chip","Girya","Lantern","War Paint","Calling Bell","Oddly Smooth Stone","The Courier","Mango","Omamori","MealTicket","Necronomicon","Meat on the Bone","Calipers","Ginger","Bag of Preparation","Nunchaku","Boot","OrangePellets","Fusion Hammer","Sundial","Pen Nib","Happy Flower","Mercury Hourglass"],"gold":145,"campfire_rested":2,"campfire_upgraded":2,"purchased_purges":3,"potions_floor_spawned":[1,6,10,12,28,30,38,42,44,45,47,48],"potions_floor_usage":[14,23,33,42,50,50],"current_hp_per_floor":[62,62,60,53,53,46,46,46,46,44,44,44,44,44,44,20,75,75,75,75,59,59,42,42,42,42,57,56,56,53,68,68,68,84,82,82,82,82,89,89,66,53,53,31,43,69,69,69,89,39],"max_hp_per_floor":[75,75,75,75,75,75,75,75,75,75,75,75,75,75,75,75,89,89,89,89,89,89,89,89,89,89,89,89,89,89,89,89,89,89,89,89,89,89,89,89,89,89,89,89,89,89,89,89,89,89],"gold_per_floor":[110,1,17,17,17,45,45,57,57,91,91,111,130,141,141,219,219,239,43,43,43,43,74,74,74,99,99,128,128,163,45,45,122,122,132,149,97,108,8,8,28,58,82,109,122,122,135,145,145,145],"path_per_floor":["M","$","M","?","?","E","R","M","T","E","T","M","M","M","R","B",null,"M","$","?","?","?","E","T","R","T","$","E","R","E","$","R","B",null,"M","M","?","M","$","R","M","E","T","E","M","R","M","M","R","B",null],"path_taken":["M","$","M","?","?","E","R","?","T","E","?","M","M","M","R","BOSS","M","$","?","?","?","E","?","R","T","$","E","R","E","?","R","BOSS","M","?","?","?","$","R","M","E","T","E","M","R","?","M","R","BOSS"],"items_purchased":["Auto Shields","Omamori","OrangePellets"],"item_purchase_floors":[2,19,31],"items_purged":["Doubt","Strike_B","Shame"],"items_purged_floors":[2,19,39],"character_chosen":"DEFECT","card_choices":[{"picked":"Apotheosis","not_picked":["Secret Weapon","Master of Strategy"],"floor":0},{"picked":"Ball Lightning","not_picked":["Stack","Rebound"],"floor":1},{"picked":"Sunder","not_picked":["Auto Shields","Beam Cell"],"floor":3},{"picked":"SKIP","not_picked":["Gash","Reprogram","Rebound"],"floor":6},{"picked":"Glacier","not_picked":["Aggregate","Biased Cognition"],"floor":8},{"picked":"SKIP","not_picked":["Barrage","Rebound","Go for the Eyes"],"floor":10},{"picked":"Ball Lightning","not_picked":["Reprogram","Steam Power"],"floor":12},{"picked":"SKIP","not_picked":["Cold Snap","Conserve Battery","FTL"],"floor":13},{"picked":"Lockon","not_picked":["Scrape","Loop"],"floor":14},{"picked":"Thunder Strike","not_picked":["Amplify","Hyperbeam"],"floor":16},{"picked":"Ball Lightning","not_picked":["Auto Shields","Coolheaded"],"floor":18},{"picked":"SKIP","not_picked":["Cold Snap","Leap","Meteor Strike"],"floor":23},{"picked":"Fission","not_picked":["Leap","Coolheaded"],"floor":28},{"picked":"Fission","not_picked":["Redo","Sunder"],"floor":30},{"picked":"Core Surge","not_picked":["Hyperbeam","Multi-Cast"],"floor":33},{"picked":"Ball Lightning","not_picked":["Go for the Eyes","Coolheaded"],"floor":35},{"picked":"SKIP","not_picked":["Conserve Battery","Stack","Amplify"],"floor":36},{"picked":"SKIP","not_picked":["Gash","Genetic Algorithm","Sweeping Beam"],"floor":38},{"picked":"Static Discharge","not_picked":["Streamline","Steam"],"floor":41},{"picked":"SKIP","not_picked":["Streamline","Barrage","Leap"],"floor":42},{"picked":"Tempest","not_picked":["Barrage+1","Turbo"],"floor":44},{"picked":"SKIP","not_picked":["Gash","Hello World+1","Sweeping Beam"],"floor":45},{"picked":"Stack+1","not_picked":["Go for the Eyes","Lockon"],"floor":47},{"picked":"Electrodynamics","not_picked":["Streamline","Leap"],"floor":48}],"event_choices":[{"event_name":"Golden Wing","player_choice":"Card Removal","floor":4,"cards_obtained":null,"cards_removed":["Defend_B"],"cards_transformed":null,"cards_upgraded":null,"relics_obtained":null,"potions_obtained":null,"relics_lost":null,"damage_taken":7,"damage_healed":0,"max_hp_loss":0,"max_hp_gain":0,"gold_gain":0,"gold_loss":0},{"event_name":"Transmorgrifier","player_choice":"Transformed","floor":5,"cards_obtained":["Chaos"],"cards_removed":null,"cards_transformed":["Strike_B"],"cards_upgraded":null,"relics_obtained":null,"potions_obtained":null,"relics_lost":null,"damage_taken":0,"damage_healed":0,"max_hp_loss":0,"max_hp_gain":0,"gold_gain":0,"gold_loss":0},{"event_name":"The Mausoleum","player_choice":"Opened","floor":20,"cards_obtained":["Writhe"],"cards_removed":null,"cards_transformed":null,"cards_upgraded":null,"relics_obtained":["MealTicket"],"potions_obtained":null,"relics_lost":null,"damage_taken":0,"damage_healed":0,"max_hp_loss":0,"max_hp_gain":0,"gold_gain":0,"gold_loss":0},{"event_name":"Cursed Tome","player_choice":"Obtained Book","floor":21,"cards_obtained":null,"cards_removed":null,"cards_transformed":null,"cards_upgraded":null,"relics_obtained":null,"potions_obtained":null,"relics_lost":null,"damage_taken":16,"damage_healed":0,"max_hp_loss":0,"max_hp_gain":0,"gold_gain":0,"gold_loss":0},{"event_name":"Addict","player_choice":"Stole Relic","floor":22,"cards_obtained":["Shame"],"cards_removed":null,"cards_transformed":null,"cards_upgraded":null,"relics_obtained":["Meat on the Bone"],"potions_obtained":null,"relics_lost":null,"damage_taken":0,"damage_healed":0,"max_hp_loss":0,"max_hp_gain":0,"gold_gain":0,"gold_loss":0},{"event_name":"WeMeetAgain","player_choice":"Paid Gold","floor":37,"cards_obtained":null,"cards_removed":null,"cards_transformed":null,"cards_upgraded":null,"relics_obtained":["Sundial"],"potions_obtained":null,"relics_lost":null,"damage_taken":0,"damage_healed":0,"max_hp_loss":0,"max_hp_gain":0,"gold_gain":0,"gold_loss":52}],"boss_relics":[{"picked":"Calling Bell","not_picked":["Snecko Eye","Cursed Key"]},{"picked":"Fusion Hammer","not_picked":["Pandora's Box","Nuclear Battery"]}],"damage_taken":[{"floor":1,"enemies":"Small Slimes","damage":6,"turns":3},{"floor":3,"enemies":"Jaw Worm","damage":2,"turns":3},{"floor":6,"enemies":"Lagavulin","damage":7,"turns":6},{"floor":8,"enemies":"Cultist","damage":0,"turns":3},{"floor":10,"enemies":"3 Sentries","damage":2,"turns":6},{"floor":12,"enemies":"Exordium Wildlife","damage":0,"turns":2},{"floor":13,"enemies":"3 Louse","damage":0,"turns":1},{"floor":14,"enemies":"Large Slime","damage":0,"turns":3},{"floor":16,"enemies":"Hexaghost","damage":24,"turns":7},{"floor":18,"enemies":"Spheric Guardian","damage":0,"turns":3},{"floor":23,"enemies":"Book of Stabbing","damage":29,"turns":4},{"floor":28,"enemies":"Gremlin Leader","damage":13,"turns":5},{"floor":30,"enemies":"Slavers","damage":3,"turns":3},{"floor":33,"enemies":"Automaton","damage":0,"turns":4},{"floor":35,"enemies":"3 Shapes","damage":2,"turns":2},{"floor":36,"enemies":"Orb Walker","damage":0,"turns":2},{"floor":38,"enemies":"Jaw Worm Horde","damage":0,"turns":2},{"floor":41,"enemies":"Writhing Mass","damage":23,"turns":4},{"floor":42,"enemies":"Giant Head","damage":13,"turns":5},{"floor":44,"enemies":"Reptomancer","damage":34,"turns":4},{"floor":45,"enemies":"3 Darklings","damage":0,"turns":3},{"floor":47,"enemies":"Spire Growth","damage":0,"turns":2},{"floor":48,"enemies":"Jaw Worm Horde","damage":0,"turns":2},{"floor":50,"enemies":"Time Eater","damage":62,"turns":5}],"potions_obtained":[{"key":"Block Potion","floor":1},{"key":"LiquidBronze","floor":6},{"key":"DistilledChaos","floor":28},{"key":"PowerPotion","floor":30},{"key":"Explosive Potion","floor":38},{"key":"AttackPotion","floor":42}],"relics_obtained":[{"key":"Gambling Chip","floor":6},{"key":"Girya","floor":9},{"key":"Lantern","floor":10},{"key":"War Paint","floor":11},{"key":"Oddly Smooth Stone","floor":17},{"key":"The Courier","floor":17},{"key":"Mango","floor":17},{"key":"Necronomicon","floor":21},{"key":"Calipers","floor":23},{"key":"Ginger","floor":24},{"key":"Bag of Preparation","floor":26},{"key":"Nunchaku","floor":28},{"key":"Boot","floor":30},{"key":"Pen Nib","floor":42},{"key":"Happy Flower","floor":43},{"key":"Mercury Hourglass","floor":44}],"campfire_choices":[{"floor":7,"key":"SMITH","data":"Apotheosis"},{"floor":15,"key":"LIFT","data":"1"},{"floor":25,"key":"LIFT","data":"2"},{"floor":29,"key":"LIFT","data":"3"},{"floor":32,"key":"SMITH","data":"Fission"},{"floor":40,"key":"RECALL"},{"floor":46,"key":"REST"},{"floor":49,"key":"REST"}],"circlet_count":0,"win_rate":0,"killed_by":null}