{"play_id":"606b7112-a8d6-447e-b215-482306548d2f","build_version":"2020-01-27","seed_played":"-7737162287856902162","chose_seed":false,"seed_source_timestamp":762578424570,"is_daily":false,"special_seed":null,"is_trial":false,"is_endless":false,"is_ascension_mode":true,"ascension_level":14,"neow_bonus":"BOSS_RELIC","neow_cost":"NONE","is_beta":false,"is_prod":false,"victory":false,"floor_reached":36,"score":691,"timestamp":1723815476,"local_time":"08/16/2024 13:37:56","playtime":1121,"player_experience":657162,"master_deck":["AscendersBane","Defend_B","Defend_B","Zap+1","Dualcast","Ball Lightning","BootSequence","Streamline+1","Leap","Tempest+1","Electrodynamics","Ball Lightning","Steam Power","Melter+1","Reinforced Body","Thunder Strike","Leap","Fission","Redo"],"relics":["Empty Cage","Singing Bowl","TungstenRod","Dream Catcher","Art of War","Sozu","Pen Nib","Darkstone Periapt","Oddly Smooth Stone","Tiny House"],"gold":166,"campfire_rested":2,"campfire_upgraded":3,"purchased_purges":2,"potions_floor_spawned":[1,11,12,18,21,29],"potions_floor_usage":[11,16,21],"current_hp_per_floor":[58,58,58,56,56,56,49,49,49,49,33,33,19,14,14,4,61,57,42,42,36,36,4,30,16,16,18,18,18,18,20,49,1,77,37,0],"max_hp_per_floor":[71,71,71,71,71,71,71,71,71,71,73,75,75,75,75,80,80,82,87,87,87,87,89,89,89,89,91,91,91,91,93,95,95,100,102,102],"gold_per_floor":[116,129,8,21,21,21,21,21,21,21,52,67,102,102,102,179,179,196,196,196,214,214,239,239,250,250,267,167,187,15,25,25,102,152,166,166],"path_per_floor":["M","M","$","M","$","R","?","R","T","$","E","M","E","?","R","B",null,"M","?","?","M","?","E","R","M","T","M","$","M","$","M","R","B",null,"M","?"],"path_taken":["M","M","$","M","?","R","?","R","T","?","E","M","E","?","R","BOSS","M","?","?","?","?","E","R","M","T","?","$","M","?","M","R","BOSS","M","?"],"items_purchased":["Streamline","Oddly Smooth Stone","Leap"],"item_purchase_floors":[3,30,30],"items_purged":["Strike_B","Strike_B"],"items_purged_floors":[3,28],"character_chosen":"DEFECT","card_choices":[{"picked":"Ball Lightning","not_picked":["Consume","Hello World"],"floor":1},{"picked":"BootSequence","not_picked":["Steam Power","Sweeping Beam"],"floor":2},{"picked":"Leap","not_picked":["Beam Cell","Gash"],"floor":4},{"picked":"Singing Bowl","not_picked":["Rip and Tear","Storm","Coolheaded"],"floor":11},{"picked":"Singing Bowl","not_picked":["Capacitor","Go for the Eyes","Compile Driver"],"floor":12},{"picked":"Tempest","not_picked":["Streamline","Compile Driver"],"floor":13},{"picked":"Electrodynamics","not_picked":["Meteor Strike","All For One"],"floor":16},{"picked":"Singing Bowl","not_picked":["Gash","Coolheaded","Steam"],"floor":18},{"picked":"Ball Lightning","not_picked":["Barrage","Turbo"],"floor":21},{"picked":"Singing Bowl","not_picked":["Force Field","Reinforced Body","Sweeping Beam"],"floor":23},{"picked":"Melter","not_picked":["Steam","Fusion"],"floor":24},{"picked":"Reinforced Body","not_picked":["Leap","Heatsinks+1"],"floor":25},{"picked":"Singing Bowl","not_picked":["Recycle","Blizzard","Aggregate"],"floor":27},{"picked":"Thunder Strike","not_picked":["Sweeping Beam","Turbo"],"floor":29},{"picked":"Singing Bowl","not_picked":["Redo","Compile Driver","Streamline"],"floor":31},{"picked":"Singing Bowl","not_picked":["Force Field","Cold Snap","Hologram"],"floor":32},{"picked":"Fission","not_picked":["Core Surge","Machine Learning"],"floor":33},{"picked":"Redo","not_picked":["Doom and Gloom","Rip and Tear"],"floor":34},{"picked":"Singing Bowl","not_picked":["Rip and Tear","Compile Driver+1","Rebound"],"floor":35}],"event_choices":[{"event_name":"Golden Wing","player_choice":"Card Removal","floor":7,"cards_obtained":null,"cards_removed":["Strike_B"],"cards_transformed":null,"cards_upgraded":null,"relics_obtained":null,"potions_obtained":null,"relics_lost":null,"damage_taken":7,"damage_healed":0,"max_hp_loss":0,"max_hp_gain":0,"gold_gain":0,"gold_loss":0},{"event_name":"Scrap Ooze","player_choice":"Success","floor":14,"cards_obtained":null,"cards_removed":null,"cards_transformed":null,"cards_upgraded":null,"relics_obtained":["Art of War"],"potions_obtained":null,"relics_lost":null,"damage_taken":7,"damage_healed":0,"max_hp_loss":0,"max_hp_gain":0,"gold_gain":0,"gold_loss":0},{"event_name":"Forgotten Altar","player_choice":"Shed Blood","floor":19,"cards_obtained":null,"cards_removed":null,"cards_transformed":null,"cards_upgraded":null,"relics_obtained":null,"potions_obtained":null,"relics_lost":null,"damage_taken":21,"damage_healed":0,"max_hp_loss":0,"max_hp_gain":5,"gold_gain":0,"gold_loss":0},{"event_name":"Vampires","player_choice":"Ignored","floor":20,"cards_obtained":null,"cards_removed":null,"cards_transformed":null,"cards_upgraded":null,"relics_obtained":null,"potions_obtained":null,"relics_lost":null,"damage_taken":0,"damage_healed":0,"max_hp_loss":0,"max_hp_gain":0,"gold_gain":0,"gold_loss":0},{"event_name":"Transmorgrifier","player_choice":"Transformed","floor":22,"cards_obtained":["Steam Power"],"cards_removed":null,"cards_transformed":["Strike_B"],"cards_upgraded":null,"relics_obtained":null,"potions_obtained":null,"relics_lost":null,"damage_taken":0,"damage_healed":0,"max_hp_loss":0,"max_hp_gain":0,"gold_gain":0,"gold_loss":0},{"event_name":"MindBloom","player_choice":"Fight","floor":36,"cards_obtained":null,"cards_removed":null,"cards_transformed":null,"cards_upgraded":null,"relics_obtained":null,"potions_obtained":null,"relics_lost":null,"damage_taken":0,"damage_healed":0,"max_hp_loss":0,"max_hp_gain":0,"gold_gain":0,"gold_loss":0}],"boss_relics":[{"picked":"Sozu","not_picked":["SlaversCollar","Cursed Key"]},{"picked":"Tiny House","not_picked":["Philosopher's Stone","Coffee Dripper"]}],"damage_taken":[{"floor":1,"enemies":"Cultist","damage":6,"turns":3},{"floor":2,"enemies":"2 Louse","damage":0,"turns":3},{"floor":4,"enemies":"Jaw Worm","damage":2,"turns":2},{"floor":11,"enemies":"Gremlin Nob","damage":18,"turns":3},{"floor":12,"enemies":"Blue Slaver","damage":2,"turns":3},{"floor":13,"enemies":"Lagavulin","damage":14,"turns":6},{"floor":16,"enemies":"The Guardian","damage":15,"turns":10},{"floor":18,"enemies":"Chosen","damage":6,"turns":4},{"floor":21,"enemies":"2 Thieves","damage":6,"turns":3},{"floor":23,"enemies":"Slavers","damage":34,"turns":3},{"floor":25,"enemies":"Centurion and Healer","damage":14,"turns":4},{"floor":27,"enemies":"Snecko","damage":0,"turns":4},{"floor":29,"enemies":"3 Cultists","damage":0,"turns":2},{"floor":31,"enemies":"Sentry and Sphere","damage":0,"turns":3},{"floor":33,"enemies":"Automaton","damage":48,"turns":7},{"floor":35,"enemies":"3 Darklings","damage":42,"turns":3},{"floor":36,"enemies":"Mind Bloom Boss Battle","damage":37,"turns":3}],"potions_obtained":[{"key":"PowerPotion","floor":1},{"key":"Fire Potion","floor":11},{"key":"Fruit Juice","floor":12}],"relics_obtained":[{"key":"Singing Bowl","floor":9},{"key":"TungstenRod","floor":11},{"key":"Dream Catcher","floor":13},{"key":"Pen Nib","floor":23},{"key":"Darkstone Periapt","floor":26}],"campfire_choices":[{"floor":6,"key":"SMITH","data":"Streamline"},{"floor":8,"key":"SMITH","data":"Zap"},{"floor":15,"key":"SMITH","data":"Tempest"},{"floor":24,"key":"REST"},{"floor":32,"key":"REST"}],"circlet_count":0,"win_rate":0,"killed_by":"Mind Bloom Boss Battle"}