{"play_id":"0fb5d7dd-3266-4729-8f5e-724aa153523a","build_version":"2020-01-27","seed_played":"-5417195750643812992","chose_seed":false,"seed_source_timestamp":1143780891522,"is_daily":false,"special_seed":null,"is_trial":false,"is_endless":false,"is_ascension_mode":true,"ascension_level":14,"neow_bonus":"ONE_RANDOM_RARE_CARD","neow_cost":"NONE","is_beta":false,"is_prod":false,"victory":false,"floor_reached":6,"score":61,"timestamp":1723922552,"local_time":"08/17/2024 19:22:32","playtime":284,"player_experience":660707,"master_deck":["AscendersBane","Strike_B","Strike_B","Strike_B","Strike_B","Defend_B","Defend_B","Defend_B","Defend_B","Zap+1","Dualcast","Multi-Cast","Gash","Scrape"],"relics":["Cracked Core","Eternal Feather"],"gold":133,"campfire_rested":0,"campfire_upgraded":0,"purchased_purges":0,"potions_floor_spawned":[1,5],"potions_floor_usage":[6],"current_hp_per_floor":[62,59,57,57,51,0],"max_hp_per_floor":[71,71,71,71,71,71],"gold_per_floor":[113,113,123,123,133,133],"path_per_floor":["M","?","M","?","M","E"],"path_taken":["M","?","M","?","?","E"],"items_purchased":[],"item_purchase_floors":[],"items_purged":[],"items_purged_floors":[],"character_chosen":"DEFECT","card_choices":[{"picked":"SKIP","not_picked":["Steam Power","Go for the Eyes","Hello World"],"floor":1},{"picked":"Gash","not_picked":["Redo","Leap"],"floor":3},{"picked":"Scrape","not_picked":["Turbo","Lockon"],"floor":5}],"event_choices":[{"event_name":"Scrap Ooze","player_choice":"Success","floor":2,"cards_obtained":null,"cards_removed":null,"cards_transformed":null,"cards_upgraded":null,"relics_obtained":["Eternal Feather"],"potions_obtained":null,"relics_lost":null,"damage_taken":3,"damage_healed":0,"max_hp_loss":0,"max_hp_gain":0,"gold_gain":0,"gold_loss":0},{"event_name":"Upgrade Shrine","player_choice":"Upgraded","floor":4,"cards_obtained":null,"cards_removed":null,"cards_transformed":null,"cards_upgraded":["Zap"],"relics_obtained":null,"potions_obtained":null,"relics_lost":null,"damage_taken":0,"damage_healed":0,"max_hp_loss":0,"max_hp_gain":0,"gold_gain":0,"gold_loss":0}],"boss_relics":[],"damage_taken":[{"floor":1,"enemies":"Jaw Worm","damage":2,"turns":3},{"floor":3,"enemies":"2 Louse","damage":2,"turns":3},{"floor":5,"enemies":"Cultist","damage":6,"turns":3},{"floor":6,"enemies":"3 Sentries","damage":60,"turns":6}],"potions_obtained":[{"key":"GamblersBrew","floor":1},{"key":"Regen Potion","floor":5}],"relics_obtained":[],"campfire_choices":[],"circlet_count":0,"win_rate":0,"killed_by":"3 Sentries"}