{"play_id":"3be12490-82a0-437a-a590-fbd6ba703b96","build_version":"2020-01-27","seed_played":"2076512499221698618","chose_seed":false,"seed_source_timestamp":1356639798533,"is_daily":false,"special_seed":null,"is_trial":false,"is_endless":false,"is_ascension_mode":true,"ascension_level":14,"neow_bonus":"TEN_PERCENT_HP_BONUS","neow_cost":"NONE","is_beta":false,"is_prod":false,"victory":false,"floor_reached":50,"score":856,"timestamp":1723987417,"local_time":"08/18/2024 13:23:37","playtime":1427,"player_experience":660991,"master_deck":["AscendersBane","Defend_B","Defend_B","Zap+1","Dualcast+1","Ball Lightning","Ball Lightning","Ball Lightning","Defragment+1","Undo+1","Echo Form","Thunder Strike+1","Ball Lightning","Conserve Battery","Conserve Battery","Electrodynamics","Biased Cognition+1","Hologram+1","Lockon+1","Chill","Writhe","Electrodynamics"],"relics":["Cracked Core","Omamori","InkBottle","Toy Ornithopter","SacredBark","Tiny Chest","Bag of Preparation","The Courier","Orichalcum","Gremlin Horn","Bottled Lightning","Oddly Smooth Stone","Astrolabe","Singing Bowl","Regal Pillow","Bronze Scales"],"gold":8,"campfire_rested":5,"campfire_upgraded":5,"purchased_purges":2,"potions_floor_spawned":[4,10,13,19,25,33,37,42,46],"potions_floor_usage":[14,16,25,25,29,29,38,38,46,50],"current_hp_per_floor":[69,78,78,78,60,60,53,53,53,45,34,34,34,14,14,4,60,38,31,16,16,16,40,40,30,30,30,30,7,31,31,55,9,65,41,41,36,11,32,32,32,3,3,27,27,21,61,61,61,0],"max_hp_per_floor":[78,78,78,78,78,78,78,78,78,78,78,78,78,78,78,78,78,78,78,83,83,83,83,83,83,83,83,83,83,83,83,83,83,83,83,83,83,83,83,83,83,83,83,83,83,85,85,85,85,85],"gold_per_floor":[113,113,66,79,79,79,79,79,79,91,166,183,197,223,223,300,300,311,326,326,3,3,3,3,35,62,62,4,39,39,39,39,115,115,125,45,56,67,67,67,67,77,77,77,102,118,118,8,8,8],"path_per_floor":["M","?","$","M","?","R","?","R","T","M","?","M","M","E","R","B",null,"M","M","?","$","?","R","?","E","T","?","$","E","R","T","R","B",null,"M","$","M","M","?","R","?","M","T","R","T","M","R","?","R","B"],"path_taken":["M","?","$","?","?","R","?","R","T","M","?","M","?","E","R","BOSS","M","M","?","$","?","R","?","E","T","?","$","E","R","?","R","BOSS","M","$","?","M","?","R","?","M","T","R","?","?","R","?","R","BOSS"],"items_purchased":["Ball Lightning","Conserve Battery","Tiny Chest","Weak Potion","DistilledChaos"],"item_purchase_floors":[3,21,21,21,28],"items_purged":["Strike_B","Defend_B"],"items_purged_floors":[21,36],"character_chosen":"DEFECT","card_choices":[{"picked":"Ball Lightning","not_picked":["Steam","Sweeping Beam"],"floor":1},{"picked":"SKIP","not_picked":["Redo","Chill","Compile Driver"],"floor":4},{"picked":"Ball Lightning","not_picked":["Glacier","Compile Driver"],"floor":10},{"picked":"Defragment","not_picked":["Biased Cognition","Chaos"],"floor":12},{"picked":"Undo","not_picked":["Barrage","Compile Driver"],"floor":13},{"picked":"Echo Form","not_picked":["Steam Power","Force Field"],"floor":14},{"picked":"Thunder Strike","not_picked":["Meteor Strike","Amplify"],"floor":16},{"picked":"SKIP","not_picked":["Barrage","Go for the Eyes","Coolheaded"],"floor":18},{"picked":"Ball Lightning","not_picked":["Barrage","Reprogram"],"floor":19},{"picked":"SKIP","not_picked":["Redo","Go for the Eyes","Steam Power"],"floor":25},{"picked":"Conserve Battery","not_picked":["Turbo","Cold Snap"],"floor":29},{"picked":"Electrodynamics","not_picked":["Biased Cognition","Meteor Strike"],"floor":33},{"picked":"SKIP","not_picked":["Darkness","Gash","Leap"],"floor":35},{"picked":"SKIP","not_picked":["Hologram","Undo","Capacitor"],"floor":37},{"picked":"Chill","not_picked":["Rebound+1","Hyperbeam"],"floor":38},{"picked":"SKIP","not_picked":["Consume","Gash","Beam Cell+1"],"floor":42},{"picked":"Singing Bowl","not_picked":["Sweeping Beam+1","Chaos","Aggregate"],"floor":46}],"event_choices":[{"event_name":"Wheel of Change","player_choice":"Full Heal","floor":2,"cards_obtained":null,"cards_removed":null,"cards_transformed":null,"cards_upgraded":null,"relics_obtained":null,"potions_obtained":null,"relics_lost":null,"damage_taken":0,"damage_healed":9,"max_hp_loss":0,"max_hp_gain":0,"gold_gain":0,"gold_loss":0},{"event_name":"Scrap Ooze","player_choice":"Success","floor":5,"cards_obtained":null,"cards_removed":null,"cards_transformed":null,"cards_upgraded":null,"relics_obtained":["Omamori"],"potions_obtained":null,"relics_lost":null,"damage_taken":18,"damage_healed":0,"max_hp_loss":0,"max_hp_gain":0,"gold_gain":0,"gold_loss":0},{"event_name":"Golden Wing","player_choice":"Card Removal","floor":7,"cards_obtained":null,"cards_removed":["Strike_B"],"cards_transformed":null,"cards_upgraded":null,"relics_obtained":null,"potions_obtained":null,"relics_lost":null,"damage_taken":7,"damage_healed":0,"max_hp_loss":0,"max_hp_gain":0,"gold_gain":0,"gold_loss":0},{"event_name":"World of Goop","player_choice":"Gather Gold","floor":11,"cards_obtained":null,"cards_removed":null,"cards_transformed":null,"cards_upgraded":null,"relics_obtained":null,"potions_obtained":null,"relics_lost":null,"damage_taken":11,"damage_healed":0,"max_hp_loss":0,"max_hp_gain":0,"gold_gain":75,"gold_loss":0},{"event_name":"Forgotten Altar","player_choice":"Shed Blood","floor":20,"cards_obtained":null,"cards_removed":null,"cards_transformed":null,"cards_upgraded":null,"relics_obtained":null,"potions_obtained":null,"relics_lost":null,"damage_taken":20,"damage_healed":0,"max_hp_loss":0,"max_hp_gain":5,"gold_gain":0,"gold_loss":0},{"event_name":"Addict","player_choice":"Stole Relic","floor":22,"cards_obtained":["Shame"],"cards_removed":null,"cards_transformed":null,"cards_upgraded":null,"relics_obtained":["Bag of Preparation"],"potions_obtained":null,"relics_lost":null,"damage_taken":0,"damage_healed":0,"max_hp_loss":0,"max_hp_gain":0,"gold_gain":0,"gold_loss":0},{"event_name":"Vampires","player_choice":"Ignored","floor":24,"cards_obtained":null,"cards_removed":null,"cards_transformed":null,"cards_upgraded":null,"relics_obtained":null,"potions_obtained":null,"relics_lost":null,"damage_taken":0,"damage_healed":0,"max_hp_loss":0,"max_hp_gain":0,"gold_gain":0,"gold_loss":0},{"event_name":"The Mausoleum","player_choice":"Opened","floor":27,"cards_obtained":null,"cards_removed":null,"cards_transformed":null,"cards_upgraded":null,"relics_obtained":["Gremlin Horn"],"potions_obtained":null,"relics_lost":null,"damage_taken":0,"damage_healed":0,"max_hp_loss":0,"max_hp_gain":0,"gold_gain":0,"gold_loss":0},{"event_name":"Winding Halls","player_choice":"Writhe","floor":39,"cards_obtained":["Writhe"],"cards_removed":null,"cards_transformed":null,"cards_upgraded":null,"relics_obtained":null,"potions_obtained":null,"relics_lost":null,"damage_taken":0,"damage_healed":21,"max_hp_loss":0,"max_hp_gain":0,"gold_gain":0,"gold_loss":0},{"event_name":"Duplicator","player_choice":"Copied","floor":41,"cards_obtained":["Electrodynamics"],"cards_removed":null,"cards_transformed":null,"cards_upgraded":null,"relics_obtained":null,"potions_obtained":null,"relics_lost":null,"damage_taken":0,"damage_healed":0,"max_hp_loss":0,"max_hp_gain":0,"gold_gain":0,"gold_loss":0},{"event_name":"WeMeetAgain","player_choice":"Paid Gold","floor":48,"cards_obtained":null,"cards_removed":null,"cards_transformed":null,"cards_upgraded":null,"relics_obtained":["Bronze Scales"],"potions_obtained":null,"relics_lost":null,"damage_taken":0,"damage_healed":0,"max_hp_loss":0,"max_hp_gain":0,"gold_gain":0,"gold_loss":110}],"boss_relics":[{"picked":"SacredBark","not_picked":["SlaversCollar","Pandora's Box"]},{"picked":"Astrolabe","not_picked":["Philosopher's Stone","Tiny House"]}],"damage_taken":[{"floor":1,"enemies":"Jaw Worm","damage":2,"turns":3},{"floor":4,"enemies":"Cultist","damage":0,"turns":2},{"floor":10,"enemies":"2 Louse","damage":8,"turns":3},{"floor":12,"enemies":"Large Slime","damage":0,"turns":3},{"floor":13,"enemies":"Exordium Thugs","damage":0,"turns":2},{"floor":14,"enemies":"Lagavulin","damage":20,"turns":6},{"floor":16,"enemies":"The Guardian","damage":15,"turns":10},{"floor":18,"enemies":"Spheric Guardian","damage":22,"turns":4},{"floor":19,"enemies":"Chosen","damage":7,"turns":3},{"floor":25,"enemies":"Book of Stabbing","damage":20,"turns":5},{"floor":29,"enemies":"Slavers","damage":33,"turns":5},{"floor":33,"enemies":"Champ","damage":46,"turns":7},{"floor":35,"enemies":"3 Darklings","damage":24,"turns":4},{"floor":37,"enemies":"3 Shapes","damage":5,"turns":3},{"floor":38,"enemies":"Writhing Mass","damage":35,"turns":5},{"floor":42,"enemies":"Spire Growth","damage":29,"turns":4},{"floor":46,"enemies":"Jaw Worm Horde","damage":13,"turns":3},{"floor":50,"enemies":"Donu and Deca","damage":81,"turns":6}],"potions_obtained":[{"key":"DuplicationPotion","floor":4},{"key":"FearPotion","floor":10},{"key":"AttackPotion","floor":19},{"key":"EssenceOfSteel","floor":25},{"key":"SpeedPotion","floor":33},{"key":"Fire Potion","floor":37},{"key":"Dexterity Potion","floor":42},{"key":"GamblersBrew","floor":46}],"relics_obtained":[{"key":"InkBottle","floor":9},{"key":"Toy Ornithopter","floor":14},{"key":"The Courier","floor":25},{"key":"Orichalcum","floor":26},{"key":"Bottled Lightning","floor":29},{"key":"Oddly Smooth Stone","floor":31},{"key":"Singing Bowl","floor":43},{"key":"Regal Pillow","floor":45}],"campfire_choices":[{"floor":6,"key":"SMITH","data":"Zap"},{"floor":8,"key":"SMITH","data":"Dualcast"},{"floor":15,"key":"SMITH","data":"Undo"},{"floor":23,"key":"REST"},{"floor":30,"key":"REST"},{"floor":32,"key":"REST"},{"floor":40,"key":"SMITH","data":"Thunder Strike"},{"floor":44,"key":"REST"},{"floor":47,"key":"REST"},{"floor":49,"key":"SMITH","data":"Defragment"}],"circlet_count":0,"win_rate":0,"killed_by":"Donu and Deca"}