{"play_id":"05c4ae51-6ba0-4557-a015-56f0f5eed748","build_version":"2020-01-27","seed_played":"7937834548817640356","chose_seed":false,"seed_source_timestamp":527571061290,"is_daily":false,"special_seed":null,"is_trial":false,"is_endless":false,"is_ascension_mode":true,"ascension_level":14,"neow_bonus":"BOSS_RELIC","neow_cost":"NONE","is_beta":false,"is_prod":false,"victory":false,"floor_reached":16,"score":187,"timestamp":1723732672,"local_time":"08/15/2024 14:37:52","playtime":411,"player_experience":654400,"master_deck":["AscendersBane","Strike_B","Strike_B","Strike_B","Defend_B","Defend_B","Defend_B","Defend_B","Zap+1","Dualcast","Gash","Rebound","Auto Shields","Streamline","Ball Lightning"],"relics":["Fusion Hammer","Golden Idol","Orichalcum","Blue Candle","Torii","Regal Pillow"],"gold":45,"campfire_rested":1,"campfire_upgraded":0,"purchased_purges":1,"potions_floor_spawned":[8,11,14],"potions_floor_usage":[10,16,16],"current_hp_per_floor":[63,63,46,45,45,4,25,25,25,7,7,7,7,7,7,0],"max_hp_per_floor":[71,71,71,71,71,71,71,71,71,71,71,71,71,71,71,71],"gold_per_floor":[113,15,15,33,33,67,67,83,165,209,225,182,29,45,45,45],"path_per_floor":["M","$","?","M","?","E","R","M","T","E","M","?","$","M","R","B"],"path_taken":["M","?","?","M","?","E","R","M","T","E","?","?","$","M","R","BOSS"],"items_purchased":["Rebound","Regal Pillow"],"item_purchase_floors":[2,13],"items_purged":["Strike_B"],"items_purged_floors":[2],"character_chosen":"DEFECT","card_choices":[{"picked":"Gash","not_picked":["Leap","Redo"],"floor":1},{"picked":"SKIP","not_picked":["Stack","Consume","Beam Cell"],"floor":4},{"picked":"Auto Shields","not_picked":["Glacier","Recycle"],"floor":6},{"picked":"Streamline","not_picked":["Hologram","Double Energy"],"floor":8},{"picked":"Ball Lightning","not_picked":["Multi-Cast","Chaos"],"floor":10},{"picked":"SKIP","not_picked":["Barrage","Double Energy","Reprogram"],"floor":11},{"picked":"SKIP","not_picked":["Cold Snap","Sweeping Beam","Go for the Eyes"],"floor":14}],"event_choices":[{"event_name":"Golden Idol","player_choice":"Take Damage","floor":3,"cards_obtained":null,"cards_removed":null,"cards_transformed":null,"cards_upgraded":null,"relics_obtained":["Golden Idol"],"potions_obtained":null,"relics_lost":null,"damage_taken":17,"damage_healed":0,"max_hp_loss":0,"max_hp_gain":0,"gold_gain":0,"gold_loss":0},{"event_name":"Upgrade Shrine","player_choice":"Upgraded","floor":5,"cards_obtained":null,"cards_removed":null,"cards_transformed":null,"cards_upgraded":["Zap"],"relics_obtained":null,"potions_obtained":null,"relics_lost":null,"damage_taken":0,"damage_healed":0,"max_hp_loss":0,"max_hp_gain":0,"gold_gain":0,"gold_loss":0},{"event_name":"World of Goop","player_choice":"Left Gold","floor":12,"cards_obtained":null,"cards_removed":null,"cards_transformed":null,"cards_upgraded":null,"relics_obtained":null,"potions_obtained":null,"relics_lost":null,"damage_taken":0,"damage_healed":0,"max_hp_loss":0,"max_hp_gain":0,"gold_gain":0,"gold_loss":43}],"boss_relics":[],"damage_taken":[{"floor":1,"enemies":"Cultist","damage":1,"turns":3},{"floor":4,"enemies":"2 Louse","damage":1,"turns":3},{"floor":6,"enemies":"Lagavulin","damage":41,"turns":8},{"floor":8,"enemies":"Small Slimes","damage":0,"turns":3},{"floor":10,"enemies":"Gremlin Nob","damage":18,"turns":4},{"floor":11,"enemies":"Looter","damage":0,"turns":2},{"floor":14,"enemies":"2 Fungi Beasts","damage":0,"turns":3},{"floor":16,"enemies":"Slime Boss","damage":13,"turns":6}],"potions_obtained":[{"key":"ColorlessPotion","floor":8},{"key":"DistilledChaos","floor":11},{"key":"Block Potion","floor":14}],"relics_obtained":[{"key":"Orichalcum","floor":6},{"key":"Blue Candle","floor":9},{"key":"Torii","floor":10}],"campfire_choices":[{"floor":7,"key":"REST"},{"floor":15,"key":"RECALL"}],"circlet_count":0,"win_rate":0,"killed_by":"Slime Boss"}