{"play_id":"5f863521-1a67-475d-88f4-de1a91a6f6ca","build_version":"2020-01-27","seed_played":"8045796831209046213","chose_seed":false,"seed_source_timestamp":493471074673,"is_daily":false,"special_seed":null,"is_trial":false,"is_endless":false,"is_ascension_mode":true,"ascension_level":14,"neow_bonus":"BOSS_RELIC","neow_cost":"NONE","is_beta":false,"is_prod":false,"victory":false,"floor_reached":16,"score":243,"timestamp":1723727300,"local_time":"08/15/2024 13:08:20","playtime":607,"player_experience":653793,"master_deck":["AscendersBane","Zap","Dualcast","Hyperbeam","Rip and Tear","Reinforced Body","Lockon","Blizzard","Tempest+1","Blizzard","Glacier","Cold Snap","Conserve Battery","Ball Lightning+1","Coolheaded","Regret","Capacitor"],"relics":["Pandora's Box","Golden Idol","MawBank","Letter Opener","Smiling Mask","ClockworkSouvenir","PreservedInsect"],"gold":323,"campfire_rested":0,"campfire_upgraded":2,"purchased_purges":1,"potions_floor_spawned":[1,5,6,8],"potions_floor_usage":[6,8,8,16],"current_hp_per_floor":[52,57,38,38,38,38,38,30,30,29,29,29,29,12,12,0],"max_hp_per_floor":[71,76,76,76,76,76,76,76,76,76,76,76,76,76,76,76],"gold_per_floor":[114,114,114,18,33,76,102,147,159,196,8,283,283,323,323,323],"path_per_floor":["M","?","?","$","M","E","M","E","T","M","$","?","R","E","R","B"],"path_taken":["M","?","?","$","M","E","M","E","T","M","$","?","R","E","R","BOSS"],"items_purchased":["Cold Snap","Block Potion","ClockworkSouvenir"],"item_purchase_floors":[4,4,11],"items_purged":["Gash"],"items_purged_floors":[11],"character_chosen":"DEFECT","card_choices":[{"picked":"Glacier","not_picked":["Steam Power","Storm"],"floor":1},{"picked":"SKIP","not_picked":["Force Field","Stack","Rip and Tear"],"floor":5},{"picked":"Conserve Battery","not_picked":["Barrage","Loop"],"floor":6},{"picked":"Ball Lightning","not_picked":["Beam Cell","Double Energy"],"floor":7},{"picked":"SKIP","not_picked":["Streamline","Storm","Scrape"],"floor":8},{"picked":"Coolheaded","not_picked":["Redo","All For One"],"floor":10},{"picked":"Capacitor","not_picked":["Steam","Undo"],"floor":14}],"event_choices":[{"event_name":"Big Fish","player_choice":"Donut","floor":2,"cards_obtained":null,"cards_removed":null,"cards_transformed":null,"cards_upgraded":null,"relics_obtained":null,"potions_obtained":null,"relics_lost":null,"damage_taken":0,"damage_healed":0,"max_hp_loss":0,"max_hp_gain":5,"gold_gain":0,"gold_loss":0},{"event_name":"Golden Idol","player_choice":"Take Damage","floor":3,"cards_obtained":null,"cards_removed":null,"cards_transformed":null,"cards_upgraded":null,"relics_obtained":["Golden Idol"],"potions_obtained":null,"relics_lost":null,"damage_taken":19,"damage_healed":0,"max_hp_loss":0,"max_hp_gain":0,"gold_gain":0,"gold_loss":0},{"event_name":"Golden Shrine","player_choice":"Desecrate","floor":12,"cards_obtained":["Regret"],"cards_removed":null,"cards_transformed":null,"cards_upgraded":null,"relics_obtained":null,"potions_obtained":null,"relics_lost":null,"damage_taken":0,"damage_healed":0,"max_hp_loss":0,"max_hp_gain":0,"gold_gain":275,"gold_loss":0}],"boss_relics":[],"damage_taken":[{"floor":1,"enemies":"Jaw Worm","damage":12,"turns":2},{"floor":5,"enemies":"Small Slimes","damage":0,"turns":3},{"floor":6,"enemies":"3 Sentries","damage":0,"turns":4},{"floor":7,"enemies":"Cultist","damage":0,"turns":3},{"floor":8,"enemies":"Lagavulin","damage":8,"turns":7},{"floor":10,"enemies":"2 Fungi Beasts","damage":1,"turns":3},{"floor":14,"enemies":"3 Sentries","damage":17,"turns":5},{"floor":16,"enemies":"The Guardian","damage":17,"turns":2}],"potions_obtained":[{"key":"Swift Potion","floor":1},{"key":"GamblersBrew","floor":6},{"key":"Swift Potion","floor":8}],"relics_obtained":[{"key":"MawBank","floor":6},{"key":"Letter Opener","floor":8},{"key":"Smiling Mask","floor":9},{"key":"PreservedInsect","floor":14}],"campfire_choices":[{"floor":13,"key":"SMITH","data":"Ball Lightning"},{"floor":15,"key":"SMITH","data":"Tempest"}],"circlet_count":0,"win_rate":0,"killed_by":"The Guardian"}