{"play_id":"fe08c38a-a5cc-4ad4-ac0e-38b196006285","build_version":"2020-01-27","seed_played":"-8845920855772379694","chose_seed":false,"seed_source_timestamp":0,"is_daily":false,"special_seed":0,"is_trial":false,"is_endless":false,"is_ascension_mode":true,"ascension_level":14,"neow_bonus":"ONE_RANDOM_RARE_CARD","neow_cost":"NONE","is_beta":false,"is_prod":false,"victory":false,"floor_reached":50,"score":1093,"timestamp":1723772355,"local_time":"08/16/2024 01:39:15","playtime":2351,"player_experience":654811,"master_deck":["AscendersBane","Strike_B","Strike_B","Defend_B","Defend_B","Defend_B","Zap+1","Dualcast","Amplify+1","Lockon+1","Tempest+1","Buffer+1","Chaos+1","Conserve Battery+1","Thunder Strike+1","Buffer+1","Conserve Battery+1","Coolheaded+1","Static Discharge","Turbo+1","Tempest+1","Rip and Tear+1","Turbo+1","Doom and Gloom+1","Thunder Strike+1","Ball Lightning+1","Ball Lightning+1","Tempest+1","Madness+1","Madness+1","Ball Lightning+1"],"relics":["Cracked Core","Omamori","StrikeDummy","StoneCalendar","Toxic Egg 2","Molten Egg 2","Nuclear Battery","Mango","Blood Vial","PreservedInsect","Tiny House","Gambling Chip","Bottled Tornado","Pocketwatch","Lantern","Strawberry","Orichalcum"],"gold":140,"campfire_rested":2,"campfire_upgraded":5,"purchased_purges":3,"potions_floor_spawned":[1,7,11,13,16,25,27,29,30,31,38,40],"potions_floor_usage":[40,40,40,50,50],"current_hp_per_floor":[63,56,56,56,38,38,22,22,22,22,27,16,8,8,30,9,59,37,37,37,29,29,33,33,33,33,35,37,21,1,3,30,5,74,76,76,78,80,80,75,75,77,84,84,86,73,75,75,75,0],"max_hp_per_floor":[71,71,71,71,71,71,71,71,71,71,76,76,76,76,76,76,76,76,76,76,76,76,90,90,90,90,90,90,90,90,90,90,90,95,95,95,95,95,95,95,95,95,102,102,102,102,102,102,102,102],"gold_per_floor":[115,135,159,13,13,13,39,39,39,3,13,88,114,125,125,202,202,219,318,288,302,133,166,166,182,205,221,232,242,269,281,281,356,406,419,419,436,461,95,121,121,151,151,151,162,162,191,140,140,140],"path_per_floor":["M","M","T","$","?","R","E","?","T","$","M","?","E","M","R","B","ul","M","?","?","M","$","E","R","M","T","M","M","M","E","M","R","B",null,"M","?","M","?","$","E","R","E","T","R","M","?","E","$","R","B"],"path_taken":["M","M","?","$","?","R","E","?","T","$","M","?","E","M","R","BOSS","M","?","?","M","$","E","R","M","T","M","?","M","E","M","R","BOSS","M","?","M","?","?","E","R","E","T","R","?","?","E","$","R","BOSS"],"items_purchased":["Buffer","Chaos+1","Static Discharge","Bottled Tornado","Ball Lightning+1"],"item_purchase_floors":[4,10,22,39,48],"items_purged":["Strike_B","Strike_B","Defend_B"],"items_purged_floors":[4,22,39],"character_chosen":"DEFECT","card_choices":[{"picked":"Lockon","not_picked":["Chaos","Skim"],"floor":1},{"picked":"Tempest","not_picked":["Aggregate","Streamline"],"floor":2},{"picked":"SKIP","not_picked":["Rebound","Chaos","BootSequence"],"floor":7},{"picked":"Conserve Battery+1","not_picked":["Go for the Eyes","Streamline"],"floor":11},{"picked":"Thunder Strike+1","not_picked":["Steam Power+1","Reinforced Body+1"],"floor":13},{"picked":"SKIP","not_picked":["Hologram+1","Aggregate+1","Stack+1"],"floor":14},{"picked":"Buffer","not_picked":["Multi-Cast+1","All For One+1"],"floor":16},{"picked":"Conserve Battery+1","not_picked":["Consume+1","Go for the Eyes+1"],"floor":18},{"picked":"Coolheaded+1","not_picked":["Barrage+1","Redo+1"],"floor":21},{"picked":"Turbo+1","not_picked":["Beam Cell+1","Go for the Eyes+1"],"floor":23},{"picked":"Tempest+1","not_picked":["Turbo+1","Rip and Tear+1"],"floor":25},{"picked":"Rip and Tear+1","not_picked":["Hologram+1","Loop"],"floor":27},{"picked":"SKIP","not_picked":["Beam Cell+1","Steam+1","Multi-Cast+1"],"floor":28},{"picked":"SKIP","not_picked":["Gash+1","Go for the Eyes+1","Barrage+1"],"floor":29},{"picked":"Turbo+1","not_picked":["Hello World","Rebound+1"],"floor":30},{"picked":"Doom and Gloom+1","not_picked":["Static Discharge","Auto Shields+1"],"floor":31},{"picked":"Thunder Strike+1","not_picked":["Echo Form","Core Surge+1"],"floor":33},{"picked":"Ball Lightning+1","not_picked":["Storm","Compile Driver+1"],"floor":34},{"picked":"SKIP","not_picked":["Barrage+1","Hologram+1","Beam Cell+1"],"floor":35},{"picked":"SKIP","not_picked":["Reprogram+1","Coolheaded+1","Compile Driver+1"],"floor":37},{"picked":"Ball Lightning+1","not_picked":["Leap+1","Hyperbeam+1"],"floor":38},{"picked":"SKIP","not_picked":["Hologram+1","Go for the Eyes+1","Blizzard+1"],"floor":40},{"picked":"Tempest+1","not_picked":["Stack+1","Gash+1"],"floor":42},{"picked":"SKIP","not_picked":["Sweeping Beam+1","Barrage+1","Scrape+1"],"floor":45},{"picked":"SKIP","not_picked":["White Noise+1","Aggregate+1","FTL+1"],"floor":47}],"event_choices":[{"event_name":"Scrap Ooze","player_choice":"Success","floor":5,"cards_obtained":null,"cards_removed":null,"cards_transformed":null,"cards_upgraded":null,"relics_obtained":["StrikeDummy"],"potions_obtained":null,"relics_lost":null,"damage_taken":18,"damage_healed":0,"max_hp_loss":0,"max_hp_gain":0,"gold_gain":0,"gold_loss":0},{"event_name":"Golden Idol","player_choice":"Ignored","floor":8,"cards_obtained":null,"cards_removed":null,"cards_transformed":null,"cards_upgraded":null,"relics_obtained":null,"potions_obtained":null,"relics_lost":null,"damage_taken":0,"damage_healed":0,"max_hp_loss":0,"max_hp_gain":0,"gold_gain":0,"gold_loss":0},{"event_name":"World of Goop","player_choice":"Gather Gold","floor":12,"cards_obtained":null,"cards_removed":null,"cards_transformed":null,"cards_upgraded":null,"relics_obtained":null,"potions_obtained":null,"relics_lost":null,"damage_taken":11,"damage_healed":0,"max_hp_loss":0,"max_hp_gain":0,"gold_gain":75,"gold_loss":0},{"event_name":"Nest","player_choice":"Stole From Cult","floor":19,"cards_obtained":null,"cards_removed":null,"cards_transformed":null,"cards_upgraded":null,"relics_obtained":null,"potions_obtained":null,"relics_lost":null,"damage_taken":0,"damage_healed":0,"max_hp_loss":0,"max_hp_gain":0,"gold_gain":99,"gold_loss":0},{"event_name":"The Woman in Blue","player_choice":"Bought 2 Potions","floor":20,"cards_obtained":null,"cards_removed":null,"cards_transformed":null,"cards_upgraded":null,"relics_obtained":null,"potions_obtained":null,"relics_lost":null,"damage_taken":0,"damage_healed":0,"max_hp_loss":0,"max_hp_gain":0,"gold_gain":0,"gold_loss":0},{"event_name":"Tomb of Lord Red Mask","player_choice":"Ignored","floor":36,"cards_obtained":null,"cards_removed":null,"cards_transformed":null,"cards_upgraded":null,"relics_obtained":null,"potions_obtained":null,"relics_lost":null,"damage_taken":0,"damage_healed":0,"max_hp_loss":0,"max_hp_gain":0,"gold_gain":0,"gold_loss":0},{"event_name":"MindBloom","player_choice":"Fight","floor":38,"cards_obtained":null,"cards_removed":null,"cards_transformed":null,"cards_upgraded":null,"relics_obtained":null,"potions_obtained":null,"relics_lost":null,"damage_taken":0,"damage_healed":0,"max_hp_loss":0,"max_hp_gain":0,"gold_gain":0,"gold_loss":0},{"event_name":"Winding Halls","player_choice":"Embrace Madness","floor":46,"cards_obtained":["Madness","Madness"],"cards_removed":null,"cards_transformed":null,"cards_upgraded":null,"relics_obtained":null,"potions_obtained":null,"relics_lost":null,"damage_taken":13,"damage_healed":0,"max_hp_loss":0,"max_hp_gain":0,"gold_gain":0,"gold_loss":0}],"boss_relics":[{"picked":"Nuclear Battery","not_picked":["Cursed Key","Busted Crown"]},{"picked":"Tiny House","not_picked":["Runic Dome","FrozenCore"]}],"damage_taken":[{"floor":1,"enemies":"Cultist","damage":1,"turns":3},{"floor":2,"enemies":"Jaw Worm","damage":7,"turns":3},{"floor":7,"enemies":"Gremlin Nob","damage":16,"turns":3},{"floor":11,"enemies":"2 Louse","damage":0,"turns":3},{"floor":13,"enemies":"Lagavulin","damage":8,"turns":5},{"floor":14,"enemies":"2 Fungi Beasts","damage":0,"turns":2},{"floor":16,"enemies":"Hexaghost","damage":21,"turns":7},{"floor":18,"enemies":"3 Byrds","damage":22,"turns":4},{"floor":21,"enemies":"2 Thieves","damage":8,"turns":4},{"floor":23,"enemies":"Gremlin Leader","damage":10,"turns":5},{"floor":25,"enemies":"Centurion and Healer","damage":0,"turns":8},{"floor":27,"enemies":"Snake Plant","damage":0,"turns":3},{"floor":28,"enemies":"Sentry and Sphere","damage":0,"turns":6},{"floor":29,"enemies":"Shelled Parasite and Fungi","damage":18,"turns":5},{"floor":30,"enemies":"Book of Stabbing","damage":22,"turns":4},{"floor":31,"enemies":"3 Cultists","damage":0,"turns":5},{"floor":33,"enemies":"Automaton","damage":27,"turns":6},{"floor":35,"enemies":"Orb Walker","damage":0,"turns":2},{"floor":37,"enemies":"3 Shapes","damage":0,"turns":4},{"floor":38,"enemies":"Mind Bloom Boss Battle","damage":0,"turns":4},{"floor":40,"enemies":"Nemesis","damage":7,"turns":3},{"floor":42,"enemies":"Giant Head","damage":0,"turns":5},{"floor":45,"enemies":"Transient","damage":0,"turns":5},{"floor":47,"enemies":"Nemesis","damage":0,"turns":5},{"floor":50,"enemies":"Awakened One","damage":94,"turns":8}],"potions_obtained":[{"key":"FocusPotion","floor":1},{"key":"Fruit Juice","floor":7},{"key":"FearPotion","floor":11},{"key":"GamblersBrew","floor":13},{"key":"FocusPotion","floor":16},{"key":"EntropicBrew","floor":20},{"key":"FocusPotion","floor":20},{"key":"GamblersBrew","floor":25},{"key":"SkillPotion","floor":27},{"key":"Ancient Potion","floor":29},{"key":"LiquidBronze","floor":30},{"key":"CultistPotion","floor":31},{"key":"EntropicBrew","floor":34},{"key":"Explosive Potion","floor":40}],"relics_obtained":[{"key":"Omamori","floor":3},{"key":"StoneCalendar","floor":7},{"key":"Toxic Egg 2","floor":9},{"key":"Molten Egg 2","floor":13},{"key":"Mango","floor":23},{"key":"Blood Vial","floor":26},{"key":"PreservedInsect","floor":30},{"key":"Gambling Chip","floor":38},{"key":"Pocketwatch","floor":40},{"key":"Lantern","floor":42},{"key":"Strawberry","floor":43},{"key":"Orichalcum","floor":47}],"campfire_choices":[{"floor":6,"key":"SMITH","data":"Tempest"},{"floor":15,"key":"REST"},{"floor":24,"key":"SMITH","data":"Buffer"},{"floor":32,"key":"REST"},{"floor":41,"key":"SMITH","data":"Buffer"},{"floor":44,"key":"SMITH","data":"Amplify"},{"floor":49,"key":"SMITH","data":"Lockon"}],"circlet_count":0,"win_rate":0,"killed_by":"Awakened One"}