{"play_id":"2a906928-07c3-4695-9a73-f53d8d0d32e1","build_version":"2020-01-27","seed_played":"-2804603132263236092","chose_seed":false,"seed_source_timestamp":1094090672875,"is_daily":false,"special_seed":null,"is_trial":false,"is_endless":false,"is_ascension_mode":true,"ascension_level":14,"neow_bonus":"BOSS_RELIC","neow_cost":"NONE","is_beta":false,"is_prod":false,"victory":false,"floor_reached":25,"score":376,"timestamp":1723908755,"local_time":"08/17/2024 15:32:35","playtime":927,"player_experience":659780,"master_deck":["AscendersBane","Strike_B+1","Strike_B","Strike_B","Strike_B","Defend_B","Defend_B","Defend_B","Defend_B","Zap","Dualcast+1","Static Discharge+1","Streamline","Undo","Darkness+1","Glacier","Conserve Battery","Rainbow+1","Rainbow","Ball Lightning+1","Doom and Gloom","Loop","Seek"],"relics":["Ectoplasm","Odd Mushroom","Dream Catcher","Vajra","Inserter","Whetstone"],"gold":0,"campfire_rested":0,"campfire_upgraded":4,"purchased_purges":0,"potions_floor_spawned":[4,5,12,14,16,22,23,24],"potions_floor_usage":[7,13,18,18,22],"current_hp_per_floor":[57,50,50,50,43,43,29,29,29,29,29,27,21,15,15,10,56,47,47,47,47,47,36,13,0],"max_hp_per_floor":[71,71,71,71,71,71,71,71,71,71,71,71,71,71,71,71,71,71,71,71,71,71,71,71,71],"gold_per_floor":[99,99,0,0,0,0,0,0,0,0,0,0,0,0,0,0,0,0,0,0,0,0,0,0,0],"path_per_floor":["M","?","$","M","M","R","?","R","T","R","?","M","E","M","R","B",null,"M","?","$","?","M","E","M","M"],"path_taken":["M","?","?","M","M","R","?","R","T","R","?","M","E","M","R","BOSS","M","?","?","?","M","E","?","M"],"items_purchased":["Static Discharge","Streamline"],"item_purchase_floors":[3,3],"items_purged":[],"items_purged_floors":[],"character_chosen":"DEFECT","card_choices":[{"picked":"SKIP","not_picked":["Hologram","Redo","Leap"],"floor":1},{"picked":"Undo","not_picked":["Recycle","Barrage"],"floor":4},{"picked":"Darkness","not_picked":["Turbo","Barrage"],"floor":5},{"picked":"Glacier","not_picked":["Compile Driver","Redo"],"floor":7},{"picked":"SKIP","not_picked":["Lockon","Streamline","Go for the Eyes"],"floor":12},{"picked":"Conserve Battery","not_picked":["Hologram","Leap"],"floor":13},{"picked":"Rainbow","not_picked":["Glacier","Sweeping Beam"],"floor":14},{"picked":"Rainbow","not_picked":["Biased Cognition","Creative AI"],"floor":16},{"picked":"Ball Lightning","not_picked":["Coolheaded+1","Rebound+1"],"floor":18},{"picked":"Loop","not_picked":["Melter+1","Blizzard"],"floor":22},{"picked":"Seek","not_picked":["Gash+1","Force Field"],"floor":23},{"picked":"SKIP","not_picked":["Turbo","Storm","Heatsinks"],"floor":24}],"event_choices":[{"event_name":"Wheel of Change","player_choice":"Damaged","floor":2,"cards_obtained":null,"cards_removed":null,"cards_transformed":null,"cards_upgraded":null,"relics_obtained":null,"potions_obtained":null,"relics_lost":null,"damage_taken":7,"damage_healed":0,"max_hp_loss":0,"max_hp_gain":0,"gold_gain":0,"gold_loss":0},{"event_name":"Mushrooms","player_choice":"Fought Mushrooms","floor":7,"cards_obtained":null,"cards_removed":null,"cards_transformed":null,"cards_upgraded":null,"relics_obtained":null,"potions_obtained":null,"relics_lost":null,"damage_taken":0,"damage_healed":0,"max_hp_loss":0,"max_hp_gain":0,"gold_gain":0,"gold_loss":0},{"event_name":"Dead Adventurer","player_choice":"Searched '1' times","floor":11,"cards_obtained":null,"cards_removed":null,"cards_transformed":null,"cards_upgraded":null,"relics_obtained":null,"potions_obtained":null,"relics_lost":null,"damage_taken":0,"damage_healed":0,"max_hp_loss":0,"max_hp_gain":0,"gold_gain":30,"gold_loss":0},{"event_name":"Lab","player_choice":"Got Potions","floor":19,"cards_obtained":null,"cards_removed":null,"cards_transformed":null,"cards_upgraded":null,"relics_obtained":null,"potions_obtained":null,"relics_lost":null,"damage_taken":0,"damage_healed":0,"max_hp_loss":0,"max_hp_gain":0,"gold_gain":0,"gold_loss":0},{"event_name":"The Library","player_choice":"Read","floor":21,"cards_obtained":["Doom and Gloom"],"cards_removed":null,"cards_transformed":null,"cards_upgraded":null,"relics_obtained":null,"potions_obtained":null,"relics_lost":null,"damage_taken":0,"damage_healed":0,"max_hp_loss":0,"max_hp_gain":0,"gold_gain":0,"gold_loss":0}],"boss_relics":[{"picked":"Inserter","not_picked":["Pandora's Box","Runic Pyramid"]}],"damage_taken":[{"floor":1,"enemies":"2 Louse","damage":7,"turns":3},{"floor":4,"enemies":"Cultist","damage":0,"turns":3},{"floor":5,"enemies":"Jaw Worm","damage":7,"turns":4},{"floor":7,"enemies":"The Mushroom Lair","damage":14,"turns":4},{"floor":12,"enemies":"Exordium Wildlife","damage":2,"turns":5},{"floor":13,"enemies":"Lagavulin","damage":6,"turns":6},{"floor":14,"enemies":"2 Fungi Beasts","damage":6,"turns":3},{"floor":16,"enemies":"The Guardian","damage":5,"turns":10},{"floor":18,"enemies":"2 Thieves","damage":9,"turns":4},{"floor":22,"enemies":"3 Byrds","damage":0,"turns":3},{"floor":23,"enemies":"Gremlin Leader","damage":11,"turns":7},{"floor":24,"enemies":"Snake Plant","damage":23,"turns":5},{"floor":25,"enemies":"Snecko","damage":16,"turns":3}],"potions_obtained":[{"key":"SneckoOil","floor":4},{"key":"Fire Potion","floor":5},{"key":"SpeedPotion","floor":12},{"key":"AttackPotion","floor":14},{"key":"LiquidMemories","floor":19},{"key":"FocusPotion","floor":19},{"key":"FocusPotion","floor":22}],"relics_obtained":[{"key":"Odd Mushroom","floor":7},{"key":"Dream Catcher","floor":9},{"key":"Vajra","floor":13},{"key":"Whetstone","floor":23}],"campfire_choices":[{"floor":6,"key":"SMITH","data":"Darkness"},{"floor":8,"key":"SMITH","data":"Dualcast"},{"floor":10,"key":"SMITH","data":"Static Discharge"},{"floor":15,"key":"SMITH","data":"Rainbow"}],"circlet_count":0,"win_rate":0,"killed_by":"Snecko"}