{"play_id":"13888520-fffe-4b72-a873-516eaa1b86ce","build_version":"2020-01-27","seed_played":"5112442106533002842","chose_seed":false,"seed_source_timestamp":105351722520,"is_daily":false,"special_seed":null,"is_trial":false,"is_endless":false,"is_ascension_mode":true,"ascension_level":14,"neow_bonus":"THREE_RARE_CARDS","neow_cost":"TEN_PERCENT_HP_LOSS","is_beta":false,"is_prod":false,"victory":false,"floor_reached":13,"score":134,"timestamp":1724092389,"local_time":"08/19/2024 18:33:09","playtime":213,"player_experience":666624,"master_deck":["AscendersBane","Strike_B","Strike_B+1","Strike_B","Strike_B","Defend_B","Defend_B","Defend_B","Zap+1","Dualcast","Thunder Strike+1","Genetic Algorithm+1","Melter","Glacier"],"relics":["Cracked Core","Nunchaku","Du-Vu Doll","Old Coin"],"gold":625,"campfire_rested":0,"campfire_upgraded":2,"purchased_purges":1,"potions_floor_spawned":[1],"potions_floor_usage":[11],"current_hp_per_floor":[63,63,63,56,43,43,43,43,43,32,8,8,0],"max_hp_per_floor":[64,64,64,64,64,64,64,64,64,64,64,64,64],"gold_per_floor":[110,0,175,175,175,175,200,200,200,275,607,625,625],"path_per_floor":["M","$","?","?","?","R","T","R","T","?","E","M","E"],"path_taken":["M","$","?","?","?","R","?","R","T","?","E","?","E"],"items_purchased":["Melter"],"item_purchase_floors":[2],"items_purged":["Defend_B"],"items_purged_floors":[2],"character_chosen":"DEFECT","card_choices":[{"picked":"Thunder Strike","not_picked":["Fission","Rainbow"],"floor":0},{"picked":"Genetic Algorithm","not_picked":["Double Energy","Conserve Battery"],"floor":1},{"picked":"Glacier","not_picked":["Reinforced Body","Defragment"],"floor":11},{"picked":"SKIP","not_picked":["Recycle","Hello World","Reinforced Body"],"floor":12}],"event_choices":[{"event_name":"Liars Game","player_choice":"AGREE","floor":3,"cards_obtained":["Doubt"],"cards_removed":null,"cards_transformed":null,"cards_upgraded":null,"relics_obtained":null,"potions_obtained":null,"relics_lost":null,"damage_taken":0,"damage_healed":0,"max_hp_loss":0,"max_hp_gain":0,"gold_gain":175,"gold_loss":0},{"event_name":"Golden Wing","player_choice":"Card Removal","floor":4,"cards_obtained":null,"cards_removed":["Doubt"],"cards_transformed":null,"cards_upgraded":null,"relics_obtained":null,"potions_obtained":null,"relics_lost":null,"damage_taken":7,"damage_healed":0,"max_hp_loss":0,"max_hp_gain":0,"gold_gain":0,"gold_loss":0},{"event_name":"Shining Light","player_choice":"Entered Light","floor":5,"cards_obtained":null,"cards_removed":null,"cards_transformed":null,"cards_upgraded":["Thunder Strike","Strike_B"],"relics_obtained":null,"potions_obtained":null,"relics_lost":null,"damage_taken":13,"damage_healed":0,"max_hp_loss":0,"max_hp_gain":0,"gold_gain":0,"gold_loss":0},{"event_name":"World of Goop","player_choice":"Gather Gold","floor":10,"cards_obtained":null,"cards_removed":null,"cards_transformed":null,"cards_upgraded":null,"relics_obtained":null,"potions_obtained":null,"relics_lost":null,"damage_taken":11,"damage_healed":0,"max_hp_loss":0,"max_hp_gain":0,"gold_gain":75,"gold_loss":0}],"boss_relics":[],"damage_taken":[{"floor":1,"enemies":"Cultist","damage":1,"turns":4},{"floor":11,"enemies":"3 Sentries","damage":24,"turns":5},{"floor":12,"enemies":"2 Louse","damage":0,"turns":2},{"floor":13,"enemies":"Gremlin Nob","damage":18,"turns":2}],"potions_obtained":[{"key":"AttackPotion","floor":1}],"relics_obtained":[{"key":"Nunchaku","floor":7},{"key":"Du-Vu Doll","floor":9},{"key":"Old Coin","floor":11}],"campfire_choices":[{"floor":6,"key":"SMITH","data":"Zap"},{"floor":8,"key":"SMITH","data":"Genetic Algorithm"}],"circlet_count":0,"win_rate":0,"killed_by":"Gremlin Nob"}