{"play_id":"39e694a2-4638-494a-91a9-6ec421dcb9cc","build_version":"2020-01-27","seed_played":"-3212693413541614732","chose_seed":false,"seed_source_timestamp":1603462297076,"is_daily":false,"special_seed":null,"is_trial":false,"is_endless":false,"is_ascension_mode":true,"ascension_level":14,"neow_bonus":"BOSS_RELIC","neow_cost":"NONE","is_beta":false,"is_prod":false,"victory":false,"floor_reached":50,"score":1313,"timestamp":1724047319,"local_time":"08/19/2024 06:01:59","playtime":2632,"player_experience":662418,"master_deck":["AscendersBane","Strike_B","Strike_B","Defend_B+1","Zap+1","Dualcast+1","Chill+1","Hologram+1","Stack+1","FTL","Scrape+1","Scrape","Ball Lightning","Fission+1","Beam Cell+1","Go for the Eyes","Ball Lightning","Echo Form","Ball Lightning","Trip+1","Seek","Streamline+1","Defragment","Conserve Battery+1","Steam","Rainbow"],"relics":["Astrolabe","FossilizedHelix","Oddly Smooth Stone","Nunchaku","Inserter","Girya","War Paint","Darkstone Periapt","Ginger","Calipers","Mercury Hourglass","Nuclear Battery","Potion Belt","Pear","PreservedInsect","Strawberry","Orrery"],"gold":225,"campfire_rested":1,"campfire_upgraded":4,"purchased_purges":2,"potions_floor_spawned":[1,5,18,22,27,31,33,37],"potions_floor_usage":[24,29,33,33,50,50],"current_hp_per_floor":[63,63,63,63,63,63,54,54,54,47,30,30,30,30,30,30,61,61,61,61,71,71,71,71,66,66,66,66,66,66,66,66,66,70,70,77,77,77,77,46,46,46,56,56,13,13,20,6,34,0],"max_hp_per_floor":[71,71,71,71,71,71,71,71,71,71,71,71,71,71,71,71,71,71,71,71,71,71,71,71,71,71,71,71,71,71,71,71,71,71,71,77,77,77,77,77,77,77,87,87,87,87,94,94,94,94],"gold_per_floor":[109,109,34,209,223,223,253,253,278,278,278,296,335,360,360,449,449,470,5,5,5,26,26,45,89,89,130,130,163,176,197,197,293,293,316,316,329,329,137,181,181,204,204,537,569,585,208,225,225,225],"path_per_floor":["M","?","$","?","M","R","E","R","T","?","?","M","E","M","R","B",null,"M","$","?","?","M","R","M","E","T","E","R","E","M","M","R","B",null,"M","?","M","?","$","E","R","M","T","?","E","M","$","M","R","B"],"path_taken":["M","?","?","?","M","R","E","R","T","?","?","?","E","M","R","BOSS","M","$","?","?","?","R","M","E","T","E","R","E","M","M","R","BOSS","M","?","M","?","$","E","R","M","T","?","E","?","$","M","R","BOSS"],"items_purchased":["Girya","War Paint","Trip","Strawberry","Defragment","Orrery"],"item_purchase_floors":[19,19,39,47,47,47],"items_purged":["Defend_B","Writhe"],"items_purged_floors":[3,39],"character_chosen":"DEFECT","card_choices":[{"picked":"FTL","not_picked":["Consume","Double Energy"],"floor":1},{"picked":"Scrape","not_picked":["Turbo","Leap"],"floor":5},{"picked":"Scrape","not_picked":["Heatsinks","Gash"],"floor":7},{"picked":"SKIP","not_picked":["Auto Shields","Rebound","Storm"],"floor":12},{"picked":"Ball Lightning","not_picked":["Loop","Reprogram"],"floor":13},{"picked":"SKIP","not_picked":["Reinforced Body","Biased Cognition","Rebound"],"floor":14},{"picked":"Fission","not_picked":["Echo Form","Thunder Strike"],"floor":16},{"picked":"Beam Cell+1","not_picked":["Static Discharge","Consume"],"floor":18},{"picked":"Go for the Eyes","not_picked":["Blizzard","Fusion"],"floor":22},{"picked":"SKIP","not_picked":["Streamline","Cold Snap","Storm"],"floor":24},{"picked":"SKIP","not_picked":["Storm+1","Self Repair","Multi-Cast"],"floor":25},{"picked":"Ball Lightning","not_picked":["Streamline","Melter"],"floor":27},{"picked":"SKIP","not_picked":["Sweeping Beam","Barrage","Reprogram"],"floor":29},{"picked":"SKIP","not_picked":["Cold Snap","Self Repair","Turbo+1"],"floor":30},{"picked":"SKIP","not_picked":["Sunder","Stack","Darkness"],"floor":31},{"picked":"Echo Form","not_picked":["Amplify","Fission"],"floor":33},{"picked":"Ball Lightning","not_picked":["Hologram","Redo+1"],"floor":35},{"picked":"SKIP","not_picked":["Auto Shields+1","Storm","Compile Driver"],"floor":37},{"picked":"SKIP","not_picked":["Leap","Turbo","Core Surge"],"floor":40},{"picked":"SKIP","not_picked":["Loop","Turbo+1","Sweeping Beam"],"floor":42},{"picked":"Seek","not_picked":["Cold Snap","Ball Lightning"],"floor":45},{"picked":"Streamline+1","not_picked":["Sweeping Beam","Ball Lightning"],"floor":46},{"picked":"Conserve Battery+1","not_picked":["Cold Snap","Hologram+1"],"floor":47},{"picked":"Steam","not_picked":["Rebound","Barrage+1"],"floor":47},{"picked":"Rainbow","not_picked":["BootSequence","Cold Snap"],"floor":47},{"picked":"SKIP","not_picked":["Rebound","Redo","Reprogram+1"],"floor":48}],"event_choices":[{"event_name":"Transmorgrifier","player_choice":"Transformed","floor":2,"cards_obtained":["Cold Snap"],"cards_removed":null,"cards_transformed":["Defend_B"],"cards_upgraded":null,"relics_obtained":null,"potions_obtained":null,"relics_lost":null,"damage_taken":0,"damage_healed":0,"max_hp_loss":0,"max_hp_gain":0,"gold_gain":0,"gold_loss":0},{"event_name":"Liars Game","player_choice":"AGREE","floor":4,"cards_obtained":["Doubt"],"cards_removed":null,"cards_transformed":null,"cards_upgraded":null,"relics_obtained":null,"potions_obtained":null,"relics_lost":null,"damage_taken":0,"damage_healed":0,"max_hp_loss":0,"max_hp_gain":0,"gold_gain":175,"gold_loss":0},{"event_name":"Golden Wing","player_choice":"Card Removal","floor":10,"cards_obtained":null,"cards_removed":["Doubt"],"cards_transformed":null,"cards_upgraded":null,"relics_obtained":null,"potions_obtained":null,"relics_lost":null,"damage_taken":7,"damage_healed":0,"max_hp_loss":0,"max_hp_gain":0,"gold_gain":0,"gold_loss":0},{"event_name":"Golden Idol","player_choice":"Take Damage","floor":11,"cards_obtained":null,"cards_removed":null,"cards_transformed":null,"cards_upgraded":null,"relics_obtained":["Golden Idol"],"potions_obtained":null,"relics_lost":null,"damage_taken":17,"damage_healed":0,"max_hp_loss":0,"max_hp_gain":0,"gold_gain":0,"gold_loss":0},{"event_name":"Vampires","player_choice":"Ignored","floor":20,"cards_obtained":null,"cards_removed":null,"cards_transformed":null,"cards_upgraded":null,"relics_obtained":null,"potions_obtained":null,"relics_lost":null,"damage_taken":0,"damage_healed":0,"max_hp_loss":0,"max_hp_gain":0,"gold_gain":0,"gold_loss":0},{"event_name":"Wheel of Change","player_choice":"Full Heal","floor":21,"cards_obtained":null,"cards_removed":null,"cards_transformed":null,"cards_upgraded":null,"relics_obtained":null,"potions_obtained":null,"relics_lost":null,"damage_taken":0,"damage_healed":10,"max_hp_loss":0,"max_hp_gain":0,"gold_gain":0,"gold_loss":0},{"event_name":"Winding Halls","player_choice":"Writhe","floor":36,"cards_obtained":["Writhe"],"cards_removed":null,"cards_transformed":null,"cards_upgraded":null,"relics_obtained":null,"potions_obtained":null,"relics_lost":null,"damage_taken":0,"damage_healed":18,"max_hp_loss":0,"max_hp_gain":0,"gold_gain":0,"gold_loss":0},{"event_name":"Falling","player_choice":"Removed Attack","floor":38,"cards_obtained":null,"cards_removed":["Cold Snap"],"cards_transformed":null,"cards_upgraded":null,"relics_obtained":null,"potions_obtained":null,"relics_lost":null,"damage_taken":0,"damage_healed":0,"max_hp_loss":0,"max_hp_gain":0,"gold_gain":0,"gold_loss":0},{"event_name":"The Moai Head","player_choice":"Gave Idol","floor":44,"cards_obtained":null,"cards_removed":null,"cards_transformed":null,"cards_upgraded":null,"relics_obtained":null,"potions_obtained":null,"relics_lost":["Golden Idol"],"damage_taken":0,"damage_healed":0,"max_hp_loss":0,"max_hp_gain":0,"gold_gain":333,"gold_loss":0}],"boss_relics":[{"picked":"Inserter","not_picked":["SlaversCollar","Tiny House"]},{"picked":"Nuclear Battery","not_picked":["Sozu","Busted Crown"]}],"damage_taken":[{"floor":1,"enemies":"Jaw Worm","damage":1,"turns":5},{"floor":5,"enemies":"Cultist","damage":0,"turns":4},{"floor":7,"enemies":"3 Sentries","damage":9,"turns":8},{"floor":12,"enemies":"Small Slimes","damage":0,"turns":3},{"floor":13,"enemies":"Lagavulin","damage":0,"turns":5},{"floor":14,"enemies":"2 Fungi Beasts","damage":0,"turns":2},{"floor":16,"enemies":"Slime Boss","damage":0,"turns":6},{"floor":18,"enemies":"2 Thieves","damage":0,"turns":3},{"floor":22,"enemies":"Shell Parasite","damage":0,"turns":3},{"floor":24,"enemies":"Shelled Parasite and Fungi","damage":0,"turns":3},{"floor":25,"enemies":"Gremlin Leader","damage":5,"turns":4},{"floor":27,"enemies":"Book of Stabbing","damage":0,"turns":4},{"floor":29,"enemies":"Slavers","damage":0,"turns":4},{"floor":30,"enemies":"Centurion and Healer","damage":0,"turns":2},{"floor":31,"enemies":"3 Cultists","damage":0,"turns":2},{"floor":33,"enemies":"Automaton","damage":0,"turns":6},{"floor":35,"enemies":"Orb Walker","damage":0,"turns":2},{"floor":37,"enemies":"3 Shapes","damage":0,"turns":4},{"floor":40,"enemies":"Nemesis","damage":31,"turns":6},{"floor":42,"enemies":"Transient","damage":0,"turns":5},{"floor":45,"enemies":"Giant Head","damage":43,"turns":6},{"floor":46,"enemies":"Maw","damage":0,"turns":5},{"floor":48,"enemies":"Sphere and 2 Shapes","damage":14,"turns":4},{"floor":50,"enemies":"Donu and Deca","damage":39,"turns":4}],"potions_obtained":[{"key":"Energy Potion","floor":1},{"key":"FairyPotion","floor":5},{"key":"Fire Potion","floor":18},{"key":"PowerPotion","floor":27},{"key":"Weak Potion","floor":31},{"key":"FearPotion","floor":33},{"key":"PotionOfCapacity","floor":37}],"relics_obtained":[{"key":"FossilizedHelix","floor":7},{"key":"Oddly Smooth Stone","floor":9},{"key":"Nunchaku","floor":13},{"key":"Darkstone Periapt","floor":25},{"key":"Ginger","floor":26},{"key":"Calipers","floor":27},{"key":"Mercury Hourglass","floor":29},{"key":"Potion Belt","floor":40},{"key":"Pear","floor":43},{"key":"PreservedInsect","floor":45}],"campfire_choices":[{"floor":6,"key":"SMITH","data":"Zap"},{"floor":8,"key":"SMITH","data":"Dualcast"},{"floor":15,"key":"SMITH","data":"Scrape"},{"floor":23,"key":"LIFT","data":"1"},{"floor":28,"key":"LIFT","data":"2"},{"floor":32,"key":"LIFT","data":"3"},{"floor":41,"key":"SMITH","data":"Trip"},{"floor":49,"key":"REST"}],"circlet_count":0,"win_rate":0,"killed_by":"Donu and Deca"}