{"play_id":"156cd04a-4f4e-4567-b992-0f80b4f1f598","build_version":"2020-01-27","seed_played":"-4529723534139640187","chose_seed":false,"seed_source_timestamp":42965708881,"is_daily":false,"special_seed":null,"is_trial":false,"is_endless":false,"is_ascension_mode":true,"ascension_level":14,"neow_bonus":"ONE_RANDOM_RARE_CARD","neow_cost":"NONE","is_beta":false,"is_prod":false,"victory":false,"floor_reached":22,"score":355,"timestamp":1724074774,"local_time":"08/19/2024 13:39:34","playtime":821,"player_experience":665050,"master_deck":["AscendersBane","Strike_B","Strike_B","Strike_B","Defend_B","Defend_B","Defend_B","Defend_B","Zap","Dualcast","Buffer","Rip and Tear","Ball Lightning","Sunder","Auto Shields","Chaos","Ball Lightning","Steam","Defragment","Electrodynamics+1","Stack","Ball Lightning","Ball Lightning"],"relics":["Cracked Core","Golden Idol","Bag of Marbles","Prayer Wheel","MawBank","Regal Pillow","SlaversCollar","Red Mask"],"gold":605,"campfire_rested":2,"campfire_upgraded":0,"purchased_purges":0,"potions_floor_spawned":[1,8,12,14,18,19],"potions_floor_usage":[6,14,14,16,16],"current_hp_per_floor":[64,47,47,40,45,10,32,1,1,1,1,1,1,1,38,12,60,27,17,6,6,0],"max_hp_per_floor":[71,71,71,71,76,76,76,76,76,76,76,76,76,76,76,76,76,76,76,76,76,76],"gold_per_floor":[115,115,65,65,65,106,106,146,204,230,242,274,302,334,346,449,461,497,544,581,593,605],"path_per_floor":["M","?","?","?","?","E","R","E","T","M","?","M","M","M","R","B",null,"M","?","M","?","M"],"path_taken":["M","?","?","?","?","E","R","E","T","M","?","?","M","M","R","BOSS","M","?","M","?","?"],"items_purchased":[],"item_purchase_floors":[],"items_purged":[],"items_purged_floors":[],"character_chosen":"DEFECT","card_choices":[{"picked":"Rip and Tear","not_picked":["Hologram","BootSequence"],"floor":1},{"picked":"SKIP","not_picked":["Redo","Hologram","Leap"],"floor":6},{"picked":"Ball Lightning","not_picked":["Hologram","Stack"],"floor":8},{"picked":"Sunder","not_picked":["Storm","Barrage"],"floor":10},{"picked":"Auto Shields","not_picked":["Hologram","Fusion"],"floor":10},{"picked":"Chaos","not_picked":["Sweeping Beam","Force Field"],"floor":12},{"picked":"Ball Lightning","not_picked":["Hyperbeam","Coolheaded"],"floor":12},{"picked":"Steam","not_picked":["Stack","Compile Driver"],"floor":13},{"picked":"SKIP","not_picked":["Gash","Auto Shields","Go for the Eyes"],"floor":13},{"picked":"Defragment","not_picked":["Beam Cell","Streamline"],"floor":14},{"picked":"SKIP","not_picked":["Steam","Self Repair","Force Field"],"floor":14},{"picked":"Electrodynamics","not_picked":["Thunder Strike","Fission"],"floor":16},{"picked":"Stack","not_picked":["Doom and Gloom","Beam Cell"],"floor":18},{"picked":"Ball Lightning","not_picked":["Turbo","Blizzard+1"],"floor":18},{"picked":"Ball Lightning","not_picked":["Tempest","Redo"],"floor":19},{"picked":"SKIP","not_picked":["Scrape","Leap","Streamline"],"floor":20},{"picked":"SKIP","not_picked":["Coolheaded","Redo","FTL"],"floor":20}],"event_choices":[{"event_name":"Golden Idol","player_choice":"Take Damage","floor":2,"cards_obtained":null,"cards_removed":null,"cards_transformed":null,"cards_upgraded":null,"relics_obtained":["Golden Idol"],"potions_obtained":null,"relics_lost":null,"damage_taken":17,"damage_healed":0,"max_hp_loss":0,"max_hp_gain":0,"gold_gain":0,"gold_loss":0},{"event_name":"The Cleric","player_choice":"Card Removal","floor":3,"cards_obtained":null,"cards_removed":["Strike_B"],"cards_transformed":null,"cards_upgraded":null,"relics_obtained":null,"potions_obtained":null,"relics_lost":null,"damage_taken":0,"damage_healed":0,"max_hp_loss":0,"max_hp_gain":0,"gold_gain":0,"gold_loss":50},{"event_name":"Scrap Ooze","player_choice":"Success","floor":4,"cards_obtained":null,"cards_removed":null,"cards_transformed":null,"cards_upgraded":null,"relics_obtained":["Bag of Marbles"],"potions_obtained":null,"relics_lost":null,"damage_taken":7,"damage_healed":0,"max_hp_loss":0,"max_hp_gain":0,"gold_gain":0,"gold_loss":0},{"event_name":"Big Fish","player_choice":"Donut","floor":5,"cards_obtained":null,"cards_removed":null,"cards_transformed":null,"cards_upgraded":null,"relics_obtained":null,"potions_obtained":null,"relics_lost":null,"damage_taken":0,"damage_healed":0,"max_hp_loss":0,"max_hp_gain":5,"gold_gain":0,"gold_loss":0},{"event_name":"Lab","player_choice":"Got Potions","floor":11,"cards_obtained":null,"cards_removed":null,"cards_transformed":null,"cards_upgraded":null,"relics_obtained":null,"potions_obtained":null,"relics_lost":null,"damage_taken":0,"damage_healed":0,"max_hp_loss":0,"max_hp_gain":0,"gold_gain":0,"gold_loss":0},{"event_name":"Masked Bandits","player_choice":"Fought Bandits","floor":19,"cards_obtained":null,"cards_removed":null,"cards_transformed":null,"cards_upgraded":null,"relics_obtained":null,"potions_obtained":null,"relics_lost":null,"damage_taken":0,"damage_healed":0,"max_hp_loss":0,"max_hp_gain":0,"gold_gain":0,"gold_loss":0},{"event_name":"Accursed Blacksmith","player_choice":"Forge","floor":21,"cards_obtained":null,"cards_removed":null,"cards_transformed":null,"cards_upgraded":["Electrodynamics"],"relics_obtained":null,"potions_obtained":null,"relics_lost":null,"damage_taken":0,"damage_healed":0,"max_hp_loss":0,"max_hp_gain":0,"gold_gain":0,"gold_loss":0}],"boss_relics":[{"picked":"SlaversCollar","not_picked":["Philosopher's Stone","Cursed Key"]}],"damage_taken":[{"floor":1,"enemies":"2 Louse","damage":0,"turns":3},{"floor":6,"enemies":"3 Sentries","damage":35,"turns":8},{"floor":8,"enemies":"Lagavulin","damage":31,"turns":8},{"floor":10,"enemies":"Small Slimes","damage":0,"turns":3},{"floor":12,"enemies":"Cultist","damage":0,"turns":2},{"floor":13,"enemies":"3 Louse","damage":0,"turns":3},{"floor":14,"enemies":"2 Fungi Beasts","damage":0,"turns":3},{"floor":16,"enemies":"Hexaghost","damage":26,"turns":8},{"floor":18,"enemies":"2 Thieves","damage":33,"turns":3},{"floor":19,"enemies":"Masked Bandits","damage":10,"turns":4},{"floor":20,"enemies":"Spheric Guardian","damage":11,"turns":4},{"floor":22,"enemies":"Snake Plant","damage":8,"turns":2}],"potions_obtained":[{"key":"Swift Potion","floor":1},{"key":"Explosive Potion","floor":8},{"key":"EntropicBrew","floor":11},{"key":"LiquidMemories","floor":11},{"key":"PowerPotion","floor":14},{"key":"LiquidBronze","floor":18},{"key":"Explosive Potion","floor":19}],"relics_obtained":[{"key":"Prayer Wheel","floor":6},{"key":"MawBank","floor":8},{"key":"Regal Pillow","floor":9},{"key":"Red Mask","floor":19}],"campfire_choices":[{"floor":7,"key":"REST"},{"floor":15,"key":"REST"}],"circlet_count":0,"win_rate":0,"killed_by":"Snake Plant"}