{"play_id":"3f751b90-2661-4700-a851-a3fa81e9952a","build_version":"2020-01-27","seed_played":"-3587533350466130051","chose_seed":false,"seed_source_timestamp":126543240639,"is_daily":false,"special_seed":null,"is_trial":false,"is_endless":false,"is_ascension_mode":true,"ascension_level":14,"neow_bonus":"THREE_ENEMY_KILL","neow_cost":"NONE","is_beta":false,"is_prod":false,"victory":false,"floor_reached":14,"score":156,"timestamp":1724097701,"local_time":"08/19/2024 20:01:41","playtime":306,"player_experience":666837,"master_deck":["AscendersBane","Strike_B","Strike_B","Strike_B","Strike_B","Defend_B","Defend_B","Defend_B","Zap+1","Dualcast","Loop+1","Compile Driver","Leap","Coolheaded","Lockon","Static Discharge+1"],"relics":["Cracked Core","NeowsBlessing","StoneCalendar","Frozen Egg 2","Shuriken"],"gold":45,"campfire_rested":0,"campfire_upgraded":1,"purchased_purges":1,"potions_floor_spawned":[1,13],"potions_floor_usage":[10,13,14],"current_hp_per_floor":[64,64,61,61,61,20,13,13,13,13,13,13,5,0],"max_hp_per_floor":[71,71,71,71,71,71,71,71,71,71,71,71,71,71],"gold_per_floor":[118,130,130,130,146,171,191,191,191,206,176,25,45,45],"path_per_floor":["M","M","?","?","M","E","M","R","T","M","?","$","M","M"],"path_taken":["M","M","?","?","M","E","?","R","T","M","?","$","M","M"],"items_purchased":["Lockon"],"item_purchase_floors":[12],"items_purged":["Defend_B"],"items_purged_floors":[12],"character_chosen":"DEFECT","card_choices":[{"picked":"Loop","not_picked":["Storm","Go for the Eyes"],"floor":1},{"picked":"SKIP","not_picked":["Go for the Eyes","Turbo","Stack"],"floor":2},{"picked":"SKIP","not_picked":["Rebound","White Noise","Beam Cell"],"floor":5},{"picked":"Compile Driver","not_picked":["Go for the Eyes","Steam Power"],"floor":6},{"picked":"Leap","not_picked":["White Noise","Reprogram"],"floor":7},{"picked":"Coolheaded","not_picked":["Gash","Conserve Battery"],"floor":10},{"picked":"Static Discharge+1","not_picked":["Conserve Battery","Rebound"],"floor":13}],"event_choices":[{"event_name":"Scrap Ooze","player_choice":"Success","floor":3,"cards_obtained":null,"cards_removed":null,"cards_transformed":null,"cards_upgraded":null,"relics_obtained":["StoneCalendar"],"potions_obtained":null,"relics_lost":null,"damage_taken":3,"damage_healed":0,"max_hp_loss":0,"max_hp_gain":0,"gold_gain":0,"gold_loss":0},{"event_name":"Upgrade Shrine","player_choice":"Upgraded","floor":4,"cards_obtained":null,"cards_removed":null,"cards_transformed":null,"cards_upgraded":["Loop"],"relics_obtained":null,"potions_obtained":null,"relics_lost":null,"damage_taken":0,"damage_healed":0,"max_hp_loss":0,"max_hp_gain":0,"gold_gain":0,"gold_loss":0},{"event_name":"The Woman in Blue","player_choice":"Bought 2 Potions","floor":11,"cards_obtained":null,"cards_removed":null,"cards_transformed":null,"cards_upgraded":null,"relics_obtained":null,"potions_obtained":null,"relics_lost":null,"damage_taken":0,"damage_healed":0,"max_hp_loss":0,"max_hp_gain":0,"gold_gain":0,"gold_loss":0}],"boss_relics":[],"damage_taken":[{"floor":1,"enemies":"2 Louse","damage":0,"turns":1},{"floor":2,"enemies":"Cultist","damage":0,"turns":1},{"floor":5,"enemies":"Jaw Worm","damage":0,"turns":1},{"floor":6,"enemies":"Gremlin Nob","damage":41,"turns":5},{"floor":7,"enemies":"2 Fungi Beasts","damage":7,"turns":3},{"floor":10,"enemies":"Exordium Wildlife","damage":0,"turns":3},{"floor":13,"enemies":"Looter","damage":8,"turns":3},{"floor":14,"enemies":"Large Slime","damage":6,"turns":3}],"potions_obtained":[{"key":"GamblersBrew","floor":1},{"key":"SneckoOil","floor":11},{"key":"PotionOfCapacity","floor":11},{"key":"FocusPotion","floor":13}],"relics_obtained":[{"key":"Frozen Egg 2","floor":6},{"key":"Shuriken","floor":9}],"campfire_choices":[{"floor":8,"key":"SMITH","data":"Zap"}],"circlet_count":0,"win_rate":0,"killed_by":"Large Slime"}