{"play_id":"dd0da97b-dc9e-4de5-9595-67886c0e7180","build_version":"2020-01-27","seed_played":"-4619850853604974206","chose_seed":false,"seed_source_timestamp":0,"is_daily":false,"special_seed":0,"is_trial":false,"is_endless":false,"is_ascension_mode":true,"ascension_level":14,"neow_bonus":"THREE_ENEMY_KILL","neow_cost":"NONE","is_beta":false,"is_prod":false,"victory":false,"floor_reached":16,"score":180,"timestamp":1724092163,"local_time":"08/19/2024 18:29:23","playtime":430,"player_experience":666194,"master_deck":["AscendersBane","Strike_B","Strike_B+1","Defend_B+1","Defend_B","Defend_B","Zap+1","Dualcast","Melter","Gash","Tempest","Creative AI+1"],"relics":["Cracked Core","NeowsBlessing","Ancient Tea Set","Smiling Mask","Cables","Anchor","Juzu Bracelet","Ornamental Fan"],"gold":24,"campfire_rested":0,"campfire_upgraded":2,"purchased_purges":1,"potions_floor_spawned":[4,7,8],"potions_floor_usage":[10,16],"current_hp_per_floor":[64,57,57,57,43,43,43,25,25,9,9,32,20,20,20,0],"max_hp_per_floor":[71,71,71,71,71,71,71,71,71,71,71,71,71,71,71,71],"gold_per_floor":[113,113,113,132,132,132,142,171,197,222,24,24,24,24,24,24],"path_per_floor":["M","?","?","M","?","R","M","E","T","E","$","?","?","T","R","B"],"path_taken":["M","?","?","?","?","R","M","E","T","E","$","?","?","?","R","BOSS"],"items_purchased":["Anchor"],"item_purchase_floors":[11],"items_purged":["Strike_B"],"items_purged_floors":[11],"character_chosen":"DEFECT","card_choices":[{"picked":"Melter","not_picked":["Streamline","Compile Driver"],"floor":1},{"picked":"Gash","not_picked":["Hello World","Compile Driver"],"floor":4},{"picked":"Tempest","not_picked":["Redo","Turbo"],"floor":7},{"picked":"Creative AI","not_picked":["Heatsinks","Hello World"],"floor":8},{"picked":"SKIP","not_picked":["Go for the Eyes","Stack","Seek"],"floor":10}],"event_choices":[{"event_name":"Golden Wing","player_choice":"Card Removal","floor":2,"cards_obtained":null,"cards_removed":["Strike_B"],"cards_transformed":null,"cards_upgraded":null,"relics_obtained":null,"potions_obtained":null,"relics_lost":null,"damage_taken":7,"damage_healed":0,"max_hp_loss":0,"max_hp_gain":0,"gold_gain":0,"gold_loss":0},{"event_name":"Bonfire Elementals","player_choice":"Offered Basic","floor":3,"cards_obtained":null,"cards_removed":["Defend_B"],"cards_transformed":null,"cards_upgraded":null,"relics_obtained":null,"potions_obtained":null,"relics_lost":null,"damage_taken":0,"damage_healed":0,"max_hp_loss":0,"max_hp_gain":0,"gold_gain":0,"gold_loss":0},{"event_name":"Shining Light","player_choice":"Entered Light","floor":5,"cards_obtained":null,"cards_removed":null,"cards_transformed":null,"cards_upgraded":["Defend_B","Strike_B"],"relics_obtained":null,"potions_obtained":null,"relics_lost":null,"damage_taken":14,"damage_healed":0,"max_hp_loss":0,"max_hp_gain":0,"gold_gain":0,"gold_loss":0},{"event_name":"Big Fish","player_choice":"Banana","floor":12,"cards_obtained":null,"cards_removed":null,"cards_transformed":null,"cards_upgraded":null,"relics_obtained":null,"potions_obtained":null,"relics_lost":null,"damage_taken":0,"damage_healed":23,"max_hp_loss":0,"max_hp_gain":0,"gold_gain":0,"gold_loss":0},{"event_name":"Scrap Ooze","player_choice":"Success","floor":13,"cards_obtained":null,"cards_removed":null,"cards_transformed":null,"cards_upgraded":null,"relics_obtained":["Juzu Bracelet"],"potions_obtained":null,"relics_lost":null,"damage_taken":12,"damage_healed":0,"max_hp_loss":0,"max_hp_gain":0,"gold_gain":0,"gold_loss":0}],"boss_relics":[],"damage_taken":[{"floor":1,"enemies":"Jaw Worm","damage":0,"turns":1},{"floor":4,"enemies":"Small Slimes","damage":0,"turns":1},{"floor":7,"enemies":"Cultist","damage":0,"turns":1},{"floor":8,"enemies":"Gremlin Nob","damage":18,"turns":3},{"floor":10,"enemies":"Lagavulin","damage":16,"turns":7},{"floor":16,"enemies":"Hexaghost","damage":22,"turns":8}],"potions_obtained":[{"key":"Dexterity Potion","floor":4},{"key":"AttackPotion","floor":7},{"key":"BlessingOfTheForge","floor":8}],"relics_obtained":[{"key":"Ancient Tea Set","floor":8},{"key":"Smiling Mask","floor":9},{"key":"Cables","floor":10},{"key":"Ornamental Fan","floor":14}],"campfire_choices":[{"floor":6,"key":"SMITH","data":"Zap"},{"floor":15,"key":"SMITH","data":"Creative AI"}],"circlet_count":0,"win_rate":0,"killed_by":"Hexaghost"}