{"play_id":"f05444b7-119d-448a-b798-ce33b76202ff","build_version":"2020-01-27","seed_played":"-6801441457970789423","chose_seed":false,"seed_source_timestamp":1268524174087,"is_daily":false,"special_seed":null,"is_trial":false,"is_endless":false,"is_ascension_mode":true,"ascension_level":9,"neow_bonus":"ONE_RARE_RELIC","neow_cost":"PERCENT_DAMAGE","is_beta":false,"is_prod":false,"victory":false,"floor_reached":11,"score":109,"timestamp":1699833349,"local_time":"11/12/2023 23:55:49","playtime":398,"player_experience":338766,"master_deck":["Strike_G","Strike_G","Strike_G","Strike_G","Strike_G","Defend_G","Defend_G","Defend_G","Defend_G","Defend_G","Survivor","Neutralize","Predator","Bouncing Flask","Dash","Setup"],"relics":["Ring of the Snake","Ginger","TwistedFunnel","MealTicket","Sundial"],"gold":144,"campfire_rested":1,"campfire_upgraded":0,"purchased_purges":0,"potions_floor_spawned":[1,5,7],"potions_floor_usage":[8,10,10],"current_hp_per_floor":[26,15,15,11,11,32,17,17,17,1,0],"max_hp_per_floor":[70,70,70,70,70,70,70,70,70,70,70],"gold_per_floor":[119,194,45,61,80,80,114,130,130,144,144],"path_per_floor":["M","?","$","M","M","R","E","M","T","M","E"],"path_taken":["M","?","$","M","M","R","E","M","T","M","E"],"items_purchased":["TwistedFunnel"],"item_purchase_floors":[3],"items_purged":[],"items_purged_floors":[],"character_chosen":"THE_SILENT","card_choices":[{"picked":"Predator","not_picked":["Concentrate","Blade Dance"],"floor":1},{"picked":"Bouncing Flask","not_picked":["Dagger Spray","Predator"],"floor":4},{"picked":"Dash","not_picked":["Finisher","Masterful Stab"],"floor":5},{"picked":"Setup","not_picked":["Backflip","Skewer"],"floor":7},{"picked":"SKIP","not_picked":["Backstab","Deflect","Flechettes"],"floor":8},{"picked":"SKIP","not_picked":["Quick Slash","Distraction","Prepared"],"floor":10}],"event_choices":[{"event_name":"World of Goop","player_choice":"Gather Gold","floor":2,"cards_obtained":null,"cards_removed":null,"cards_transformed":null,"cards_upgraded":null,"relics_obtained":null,"potions_obtained":null,"relics_lost":null,"damage_taken":11,"damage_healed":0,"max_hp_loss":0,"max_hp_gain":0,"gold_gain":75,"gold_loss":0}],"boss_relics":[],"damage_taken":[{"floor":1,"enemies":"Small Slimes","damage":19,"turns":4},{"floor":4,"enemies":"Jaw Worm","damage":4,"turns":3},{"floor":5,"enemies":"Cultist","damage":0,"turns":3},{"floor":7,"enemies":"Gremlin Nob","damage":15,"turns":4},{"floor":8,"enemies":"2 Fungi Beasts","damage":0,"turns":4},{"floor":10,"enemies":"Large Slime","damage":16,"turns":8},{"floor":11,"enemies":"Lagavulin","damage":2,"turns":2}],"potions_obtained":[{"key":"Explosive Potion","floor":1},{"key":"Swift Potion","floor":5},{"key":"Swift Potion","floor":7}],"relics_obtained":[{"key":"MealTicket","floor":7},{"key":"Sundial","floor":9}],"campfire_choices":[{"floor":6,"key":"REST"}],"circlet_count":0,"win_rate":0,"killed_by":"Lagavulin"}