{"play_id":"9847052d-7443-4c86-bea8-5e1b750bc747","build_version":"2020-01-27","seed_played":"4251080349759077877","chose_seed":false,"seed_source_timestamp":2268757828143,"is_daily":false,"special_seed":null,"is_trial":false,"is_endless":false,"is_ascension_mode":true,"ascension_level":8,"neow_bonus":"THREE_ENEMY_KILL","neow_cost":"NONE","is_beta":false,"is_prod":false,"victory":false,"floor_reached":45,"score":795,"timestamp":1699063769,"local_time":"11/04/2023 02:09:29","playtime":2479,"player_experience":295471,"master_deck":["Strike_G+1","Strike_G+1","Strike_G+1","Defend_G+1","Defend_G+1","Defend_G+1","Defend_G+1","Survivor","Neutralize","Blade Dance","Backstab","Noxious Fumes+1","Regret","Deadly Poison+1","Poisoned Stab","Poisoned Stab","Deadly Poison","Glass Knife","Prepared","Eviscerate","Prepared","Heel Hook+1","Finisher","Neutralize","Doubt","Endless Agony","Noxious Fumes","Concentrate","Blade Dance+1","Footwork","Doppelganger+1","Blur+1","Eviscerate+1","Envenom"],"relics":["Ring of the Serpent","NeowsBlessing","SsserpentHead","Boot","Du-Vu Doll","Ornamental Fan","Centennial Puzzle","Lantern","Happy Flower","Kunai","MealTicket","WristBlade","StrikeDummy","Anchor","Mango","Snake Skull","Bronze Scales"],"gold":165,"campfire_rested":1,"campfire_upgraded":3,"purchased_purges":2,"potions_floor_spawned":[3,6,10,16,21,28,31,38,42],"potions_floor_usage":[23,23,27,27,33,33,44,44],"current_hp_per_floor":[63,63,63,63,63,63,63,39,39,39,39,39,39,37,37,21,58,48,48,48,43,43,37,37,37,37,32,32,31,31,22,43,27,59,33,31,31,22,37,37,48,30,30,12,0],"max_hp_per_floor":[70,70,70,70,70,70,70,70,70,70,70,70,70,70,70,70,70,70,70,70,70,70,70,70,70,70,70,70,70,70,70,70,70,70,70,70,70,70,70,70,84,84,84,84,84],"gold_per_floor":[119,119,132,33,83,116,116,141,189,204,265,265,278,290,290,389,389,404,22,72,84,134,159,209,43,43,68,130,147,40,101,101,196,196,207,223,156,225,68,68,95,113,136,165,165],"path_per_floor":["M","?","M","$","?","E","?","E","T","M","M","R","M","M","R","B",null,"M","$","?","M","?","E","?","$","T","E","M","M","$","M","R","B",null,"M","M","?","M","$","R","E","M","T","E","M"],"path_taken":["M","?","M","?","?","E","?","E","T","M","?","R","M","M","R","BOSS","M","$","?","M","?","E","?","$","T","E","?","M","?","?","R","BOSS","M","M","?","?","$","R","E","M","T","E","M"],"items_purchased":["Noxious Fumes","Eviscerate","Prepared","Centennial Puzzle","Endless Agony","Block Potion","Noxious Fumes","MealTicket","Anchor"],"item_purchase_floors":[4,19,19,19,25,25,25,30,39],"items_purged":["Defend_G","Strike_G"],"items_purged_floors":[4,19],"character_chosen":"THE_SILENT","card_choices":[{"picked":"Blade Dance","not_picked":["Backflip","Outmaneuver"],"floor":1},{"picked":"Backstab","not_picked":["Dagger Spray","Deadly Poison"],"floor":3},{"picked":"Deadly Poison","not_picked":["Dodge and Roll","Flechettes"],"floor":6},{"picked":"Poisoned Stab","not_picked":["Dagger Spray","Escape Plan"],"floor":8},{"picked":"Poisoned Stab","not_picked":["Acrobatics","Bullet Time"],"floor":10},{"picked":"Deadly Poison","not_picked":["Crippling Poison","Prepared"],"floor":11},{"picked":"SKIP","not_picked":["Choke","Quick Slash","Dash"],"floor":13},{"picked":"SKIP","not_picked":["Dagger Throw","Backflip","Outmaneuver"],"floor":14},{"picked":"Glass Knife","not_picked":["A Thousand Cuts","Envenom"],"floor":16},{"picked":"Prepared","not_picked":["Flying Knee","Acrobatics"],"floor":18},{"picked":"SKIP","not_picked":["Predator","Bane","Dodge and Roll"],"floor":21},{"picked":"Heel Hook+1","not_picked":["Outmaneuver","After Image"],"floor":23},{"picked":"Concentrate","not_picked":["Outmaneuver+1","Quick Slash+1"],"floor":27},{"picked":"Blade Dance+1","not_picked":["Flying Knee","Choke"],"floor":28},{"picked":"SKIP","not_picked":["Dagger Spray","Sucker Punch","Dodge and Roll"],"floor":29},{"picked":"Footwork","not_picked":["Blur","Prepared"],"floor":31},{"picked":"Doppelganger","not_picked":["Die Die Die","Venomology"],"floor":33},{"picked":"Blur+1","not_picked":["Footwork+1","Deadly Poison"],"floor":35},{"picked":"SKIP","not_picked":["Sucker Punch","Dodge and Roll","Dagger Throw+1"],"floor":36},{"picked":"SKIP","not_picked":["Bouncing Flask","Flechettes+1","Poisoned Stab"],"floor":38},{"picked":"Eviscerate+1","not_picked":["Prepared","Acrobatics"],"floor":41},{"picked":"SKIP","not_picked":["Bouncing Flask","Flechettes","Bullet Time"],"floor":42},{"picked":"Envenom","not_picked":["Blur","Bane"],"floor":44}],"event_choices":[{"event_name":"FaceTrader","player_choice":"Trade","floor":2,"cards_obtained":null,"cards_removed":null,"cards_transformed":null,"cards_upgraded":null,"relics_obtained":["SsserpentHead"],"potions_obtained":null,"relics_lost":null,"damage_taken":0,"damage_healed":0,"max_hp_loss":0,"max_hp_gain":0,"gold_gain":0,"gold_loss":0},{"event_name":"Big Fish","player_choice":"Box","floor":5,"cards_obtained":["Regret"],"cards_removed":null,"cards_transformed":null,"cards_upgraded":null,"relics_obtained":["Boot"],"potions_obtained":null,"relics_lost":null,"damage_taken":0,"damage_healed":0,"max_hp_loss":0,"max_hp_gain":0,"gold_gain":0,"gold_loss":0},{"event_name":"The Cleric","player_choice":"Card Removal","floor":7,"cards_obtained":null,"cards_removed":["Strike_G"],"cards_transformed":null,"cards_upgraded":null,"relics_obtained":null,"potions_obtained":null,"relics_lost":null,"damage_taken":0,"damage_healed":0,"max_hp_loss":0,"max_hp_gain":0,"gold_gain":0,"gold_loss":50},{"event_name":"Ghosts","player_choice":"Ignored","floor":20,"cards_obtained":null,"cards_removed":null,"cards_transformed":null,"cards_upgraded":null,"relics_obtained":null,"potions_obtained":null,"relics_lost":null,"damage_taken":0,"damage_healed":0,"max_hp_loss":0,"max_hp_gain":0,"gold_gain":0,"gold_loss":0},{"event_name":"Back to Basics","player_choice":"Simplicity","floor":22,"cards_obtained":null,"cards_removed":null,"cards_transformed":null,"cards_upgraded":["Strike_G","Strike_G","Strike_G","Defend_G","Defend_G","Defend_G","Defend_G"],"relics_obtained":null,"potions_obtained":null,"relics_lost":null,"damage_taken":0,"damage_healed":0,"max_hp_loss":0,"max_hp_gain":0,"gold_gain":0,"gold_loss":0},{"event_name":"Match and Keep!","player_choice":"3 cards matched","floor":24,"cards_obtained":["Finisher","Neutralize","Doubt"],"cards_removed":null,"cards_transformed":null,"cards_upgraded":null,"relics_obtained":null,"potions_obtained":null,"relics_lost":null,"damage_taken":0,"damage_healed":0,"max_hp_loss":0,"max_hp_gain":0,"gold_gain":0,"gold_loss":0},{"event_name":"WeMeetAgain","player_choice":"Paid Gold","floor":37,"cards_obtained":null,"cards_removed":null,"cards_transformed":null,"cards_upgraded":null,"relics_obtained":["StrikeDummy"],"potions_obtained":null,"relics_lost":null,"damage_taken":0,"damage_healed":0,"max_hp_loss":0,"max_hp_gain":0,"gold_gain":0,"gold_loss":117}],"boss_relics":[{"picked":"Ring of the Serpent","not_picked":["Snecko Eye","Philosopher's Stone"]},{"picked":"WristBlade","not_picked":["Runic Pyramid","Black Star"]}],"damage_taken":[{"floor":1,"enemies":"Jaw Worm","damage":0,"turns":1},{"floor":3,"enemies":"Cultist","damage":0,"turns":1},{"floor":6,"enemies":"Lagavulin","damage":0,"turns":1},{"floor":8,"enemies":"Gremlin Nob","damage":24,"turns":4},{"floor":10,"enemies":"Small Slimes","damage":0,"turns":3},{"floor":11,"enemies":"2 Fungi Beasts","damage":0,"turns":2},{"floor":13,"enemies":"3 Louse","damage":0,"turns":3},{"floor":14,"enemies":"Looter","damage":2,"turns":2},{"floor":16,"enemies":"The Guardian","damage":16,"turns":8},{"floor":18,"enemies":"Spheric Guardian","damage":10,"turns":3},{"floor":21,"enemies":"3 Byrds","damage":5,"turns":4},{"floor":23,"enemies":"Slavers","damage":6,"turns":5},{"floor":27,"enemies":"Gremlin Leader","damage":5,"turns":5},{"floor":28,"enemies":"Cultist and Chosen","damage":0,"turns":3},{"floor":29,"enemies":"Sentry and Sphere","damage":1,"turns":2},{"floor":31,"enemies":"Snecko","damage":9,"turns":3},{"floor":33,"enemies":"Collector","damage":16,"turns":7},{"floor":35,"enemies":"3 Darklings","damage":26,"turns":4},{"floor":36,"enemies":"3 Shapes","damage":2,"turns":4},{"floor":38,"enemies":"Jaw Worm Horde","damage":9,"turns":3},{"floor":41,"enemies":"Nemesis","damage":3,"turns":4},{"floor":42,"enemies":"Spire Growth","damage":18,"turns":3},{"floor":44,"enemies":"Reptomancer","damage":18,"turns":6},{"floor":45,"enemies":"Writhing Mass","damage":17,"turns":3}],"potions_obtained":[{"key":"GhostInAJar","floor":3},{"key":"FairyPotion","floor":6},{"key":"Strength Potion","floor":10},{"key":"Fire Potion","floor":16},{"key":"ColorlessPotion","floor":28},{"key":"Block Potion","floor":31},{"key":"Energy Potion","floor":38},{"key":"Explosive Potion","floor":42}],"relics_obtained":[{"key":"Du-Vu Doll","floor":6},{"key":"Ornamental Fan","floor":8},{"key":"Lantern","floor":23},{"key":"Happy Flower","floor":26},{"key":"Kunai","floor":27},{"key":"Mango","floor":41},{"key":"Snake Skull","floor":43},{"key":"Bronze Scales","floor":44}],"campfire_choices":[{"floor":12,"key":"SMITH","data":"Noxious Fumes"},{"floor":15,"key":"SMITH","data":"Deadly Poison"},{"floor":32,"key":"REST"},{"floor":40,"key":"SMITH","data":"Doppelganger"}],"circlet_count":0,"win_rate":0,"killed_by":"Writhing Mass"}