{"play_id":"fce6322c-2612-4099-84fa-4c9fa2127dbb","build_version":"2020-01-27","seed_played":"-279838683102792872","chose_seed":false,"seed_source_timestamp":1339348930154,"is_daily":false,"special_seed":null,"is_trial":false,"is_endless":false,"is_ascension_mode":true,"ascension_level":9,"neow_bonus":"THREE_ENEMY_KILL","neow_cost":"NONE","is_beta":false,"is_prod":false,"victory":false,"floor_reached":13,"score":135,"timestamp":1699849306,"local_time":"11/13/2023 04:21:46","playtime":442,"player_experience":341531,"master_deck":["Strike_G","Strike_G","Strike_G","Strike_G","Defend_G","Defend_G","Defend_G","Defend_G","Survivor","Neutralize","Bane","Poisoned Stab+1","Footwork","Catalyst+1","Noxious Fumes"],"relics":["Ring of the Snake","NeowsBlessing","Question Card","Molten Egg 2","Dream Catcher"],"gold":166,"campfire_rested":0,"campfire_upgraded":2,"purchased_purges":1,"potions_floor_spawned":[2,3,12],"potions_floor_usage":[7,11],"current_hp_per_floor":[63,63,63,63,63,63,55,55,55,44,12,9,0],"max_hp_per_floor":[70,70,70,70,70,70,70,70,70,70,70,70,70],"gold_per_floor":[111,131,144,94,19,19,48,48,48,123,151,166,166],"path_per_floor":["M","M","M","?","$","R","E","R","T","?","E","M","E"],"path_taken":["M","M","M","?","$","R","E","R","T","?","E","M","E"],"items_purchased":[],"item_purchase_floors":[],"items_purged":["Defend_G"],"items_purged_floors":[5],"character_chosen":"THE_SILENT","card_choices":[{"picked":"Bane","not_picked":["Slice","PiercingWail"],"floor":1},{"picked":"Poisoned Stab","not_picked":["Quick Slash","PiercingWail"],"floor":2},{"picked":"Footwork","not_picked":["Flying Knee","Expertise"],"floor":3},{"picked":"Catalyst","not_picked":["Deadly Poison","Choke"],"floor":7},{"picked":"Noxious Fumes","not_picked":["Bane+1","PiercingWail","Deflect"],"floor":11},{"picked":"SKIP","not_picked":["Deflect","Wraith Form v2","Dagger Spray+1","Blade Dance"],"floor":12}],"event_choices":[{"event_name":"The Cleric","player_choice":"Card Removal","floor":4,"cards_obtained":null,"cards_removed":["Strike_G"],"cards_transformed":null,"cards_upgraded":null,"relics_obtained":null,"potions_obtained":null,"relics_lost":null,"damage_taken":0,"damage_healed":0,"max_hp_loss":0,"max_hp_gain":0,"gold_gain":0,"gold_loss":50},{"event_name":"World of Goop","player_choice":"Gather Gold","floor":10,"cards_obtained":null,"cards_removed":null,"cards_transformed":null,"cards_upgraded":null,"relics_obtained":null,"potions_obtained":null,"relics_lost":null,"damage_taken":11,"damage_healed":0,"max_hp_loss":0,"max_hp_gain":0,"gold_gain":75,"gold_loss":0}],"boss_relics":[],"damage_taken":[{"floor":1,"enemies":"2 Louse","damage":0,"turns":1},{"floor":2,"enemies":"Small Slimes","damage":0,"turns":1},{"floor":3,"enemies":"Jaw Worm","damage":0,"turns":1},{"floor":7,"enemies":"Gremlin Nob","damage":8,"turns":3},{"floor":11,"enemies":"3 Sentries","damage":32,"turns":10},{"floor":12,"enemies":"Exordium Wildlife","damage":3,"turns":4},{"floor":13,"enemies":"Gremlin Nob","damage":10,"turns":3}],"potions_obtained":[{"key":"LiquidMemories","floor":2},{"key":"LiquidBronze","floor":3},{"key":"GamblersBrew","floor":12}],"relics_obtained":[{"key":"Question Card","floor":7},{"key":"Molten Egg 2","floor":9},{"key":"Dream Catcher","floor":11}],"campfire_choices":[{"floor":6,"key":"SMITH","data":"Poisoned Stab"},{"floor":8,"key":"SMITH","data":"Catalyst"}],"circlet_count":0,"win_rate":0,"killed_by":"Gremlin Nob"}