{"play_id":"2738c855-819e-4fab-9e52-c622c6fbc2b2","build_version":"2020-01-27","seed_played":"-7025933265282528441","chose_seed":false,"seed_source_timestamp":1676581828910,"is_daily":false,"special_seed":null,"is_trial":false,"is_endless":false,"is_ascension_mode":true,"ascension_level":9,"neow_bonus":"BOSS_RELIC","neow_cost":"NONE","is_beta":false,"is_prod":false,"victory":false,"floor_reached":31,"score":448,"timestamp":1699926209,"local_time":"11/14/2023 01:43:29","playtime":1419,"player_experience":343141,"master_deck":["Strike_G+1","Strike_G+1","Strike_G+1","Defend_G+1","Defend_G+1","Defend_G+1","Defend_G+1","Defend_G+1","Survivor","Neutralize","Deadly Poison+1","Catalyst+1","Footwork","A Thousand Cuts","Sucker Punch","Corpse Explosion","Dodge and Roll","Adrenaline","CurseOfTheBell","Infinite Blades","Leg Sweep","Bouncing Flask","Noxious Fumes","Crippling Poison","Bane+1"],"relics":["Velvet Choker","Dream Catcher","Ninja Scroll","Bag of Marbles","Bag of Preparation","Calling Bell","Toy Ornithopter","Darkstone Periapt","Girya","Mummified Hand","MealTicket","MawBank","Sundial","Nunchaku","Membership Card","Incense Burner"],"gold":33,"campfire_rested":1,"campfire_upgraded":2,"purchased_purges":1,"potions_floor_spawned":[1,3,7,20,28],"potions_floor_usage":[4,7,10,20,21,24,30],"current_hp_per_floor":[63,63,63,63,70,70,30,30,30,22,8,8,5,5,26,25,59,53,53,44,49,49,49,32,32,32,32,16,31,5,0],"max_hp_per_floor":[70,70,70,70,70,70,70,70,70,70,70,70,70,70,70,70,70,70,70,70,70,70,70,70,70,70,70,70,70,70,70],"gold_per_floor":[115,6,26,43,8,8,36,36,104,135,135,135,166,184,184,280,280,290,290,301,317,10,10,41,67,161,173,217,3,33,33],"path_per_floor":["M","$","M","M","?","R","E","R","T","E","?","?","E","M","R","B",null,"M","?","M","M","$","R","E","T","T","?","E","$","E","M"],"path_taken":["M","$","M","M","?","R","E","R","T","E","?","?","E","?","R","BOSS","M","?","?","?","?","R","E","?","T","?","E","?","E","M"],"items_purchased":["Catalyst","Mummified Hand","Leg Sweep","Membership Card","Noxious Fumes","Crippling Poison","PowerPotion"],"item_purchase_floors":[2,22,22,29,29,29,29],"items_purged":["Strike_G"],"items_purged_floors":[2],"character_chosen":"THE_SILENT","card_choices":[{"picked":"Deadly Poison","not_picked":["Flechettes","Underhanded Strike"],"floor":1},{"picked":"SKIP","not_picked":["PiercingWail","Slice","Prepared"],"floor":3},{"picked":"SKIP","not_picked":["PiercingWail","Endless Agony","Prepared"],"floor":4},{"picked":"Footwork","not_picked":["Underhanded Strike","Prepared"],"floor":7},{"picked":"SKIP","not_picked":["Dagger Throw","Slice","Quick Slash"],"floor":10},{"picked":"Sucker Punch","not_picked":["All Out Attack","Deflect"],"floor":13},{"picked":"Corpse Explosion","not_picked":["Heel Hook","Distraction"],"floor":14},{"picked":"Dodge and Roll","not_picked":["PiercingWail","Skewer"],"floor":15},{"picked":"Adrenaline","not_picked":["Night Terror","A Thousand Cuts"],"floor":16},{"picked":"SKIP","not_picked":["Dagger Spray","Riddle With Holes","Concentrate+1"],"floor":18},{"picked":"Infinite Blades","not_picked":["Terror","Bane"],"floor":20},{"picked":"SKIP","not_picked":["Underhanded Strike+1","Quick Slash+1","Acrobatics+1"],"floor":21},{"picked":"SKIP","not_picked":["Slice","Calculated Gamble+1","Finisher+1"],"floor":24},{"picked":"Bouncing Flask","not_picked":["Backflip","Footwork"],"floor":28},{"picked":"Bane+1","not_picked":["Reflex","Prepared"],"floor":30}],"event_choices":[{"event_name":"The Cleric","player_choice":"Healed","floor":5,"cards_obtained":null,"cards_removed":null,"cards_transformed":null,"cards_upgraded":null,"relics_obtained":null,"potions_obtained":null,"relics_lost":null,"damage_taken":0,"damage_healed":17,"max_hp_loss":0,"max_hp_gain":0,"gold_gain":0,"gold_loss":35},{"event_name":"Shining Light","player_choice":"Entered Light","floor":11,"cards_obtained":null,"cards_removed":null,"cards_transformed":null,"cards_upgraded":["Defend_G","Defend_G"],"relics_obtained":null,"potions_obtained":null,"relics_lost":null,"damage_taken":14,"damage_healed":0,"max_hp_loss":0,"max_hp_gain":0,"gold_gain":0,"gold_loss":0},{"event_name":"Transmorgrifier","player_choice":"Transformed","floor":12,"cards_obtained":["A Thousand Cuts"],"cards_removed":null,"cards_transformed":["Strike_G"],"cards_upgraded":null,"relics_obtained":null,"potions_obtained":null,"relics_lost":null,"damage_taken":0,"damage_healed":0,"max_hp_loss":0,"max_hp_gain":0,"gold_gain":0,"gold_loss":0},{"event_name":"Lab","player_choice":"Got Potions","floor":19,"cards_obtained":null,"cards_removed":null,"cards_transformed":null,"cards_upgraded":null,"relics_obtained":null,"potions_obtained":null,"relics_lost":null,"damage_taken":0,"damage_healed":0,"max_hp_loss":0,"max_hp_gain":0,"gold_gain":0,"gold_loss":0},{"event_name":"Back to Basics","player_choice":"Simplicity","floor":27,"cards_obtained":null,"cards_removed":null,"cards_transformed":null,"cards_upgraded":["Strike_G","Strike_G","Strike_G","Defend_G","Defend_G","Defend_G"],"relics_obtained":null,"potions_obtained":null,"relics_lost":null,"damage_taken":0,"damage_healed":0,"max_hp_loss":0,"max_hp_gain":0,"gold_gain":0,"gold_loss":0}],"boss_relics":[{"picked":"Calling Bell","not_picked":["Snecko Eye","SacredBark"]}],"damage_taken":[{"floor":1,"enemies":"Small Slimes","damage":0,"turns":3},{"floor":3,"enemies":"2 Louse","damage":0,"turns":4},{"floor":4,"enemies":"Cultist","damage":0,"turns":3},{"floor":7,"enemies":"3 Sentries","damage":40,"turns":14},{"floor":10,"enemies":"Lagavulin","damage":8,"turns":5},{"floor":13,"enemies":"3 Sentries","damage":3,"turns":11},{"floor":14,"enemies":"Blue Slaver","damage":0,"turns":2},{"floor":16,"enemies":"The Guardian","damage":1,"turns":7},{"floor":18,"enemies":"Spheric Guardian","damage":6,"turns":7},{"floor":20,"enemies":"2 Thieves","damage":14,"turns":2},{"floor":21,"enemies":"3 Cultists","damage":0,"turns":3},{"floor":24,"enemies":"Gremlin Leader","damage":22,"turns":6},{"floor":28,"enemies":"Book of Stabbing","damage":16,"turns":6},{"floor":30,"enemies":"Gremlin Leader","damage":31,"turns":7},{"floor":31,"enemies":"Centurion and Healer","damage":6,"turns":1}],"potions_obtained":[{"key":"Fire Potion","floor":1},{"key":"DistilledChaos","floor":3},{"key":"Poison Potion","floor":7},{"key":"Ancient Potion","floor":19},{"key":"SneckoOil","floor":19},{"key":"PowerPotion","floor":19},{"key":"DistilledChaos","floor":20},{"key":"Poison Potion","floor":28}],"relics_obtained":[{"key":"Dream Catcher","floor":7},{"key":"Ninja Scroll","floor":9},{"key":"Bag of Marbles","floor":10},{"key":"Bag of Preparation","floor":13},{"key":"Toy Ornithopter","floor":17},{"key":"Darkstone Periapt","floor":17},{"key":"Girya","floor":17},{"key":"MealTicket","floor":24},{"key":"MawBank","floor":25},{"key":"Sundial","floor":26},{"key":"Nunchaku","floor":28},{"key":"Incense Burner","floor":30}],"campfire_choices":[{"floor":6,"key":"SMITH","data":"Catalyst"},{"floor":8,"key":"SMITH","data":"Deadly Poison"},{"floor":15,"key":"REST"},{"floor":23,"key":"LIFT","data":"1"}],"circlet_count":0,"win_rate":0,"killed_by":"Centurion and Healer"}