{"play_id":"4c4059a6-79f5-4036-a505-806f4febca4b","build_version":"2020-01-27","seed_played":"-5642543112073882258","chose_seed":false,"seed_source_timestamp":0,"is_daily":false,"special_seed":0,"is_trial":false,"is_endless":false,"is_ascension_mode":true,"ascension_level":9,"neow_bonus":"BOSS_RELIC","neow_cost":"NONE","is_beta":false,"is_prod":false,"victory":false,"floor_reached":27,"score":376,"timestamp":1699935059,"local_time":"11/14/2023 04:10:59","playtime":1327,"player_experience":346506,"master_deck":["Defend_G","Defend_G","Defend_G","Survivor","Neutralize","Eviscerate","Prepared+1","Setup","Underhanded Strike","Noxious Fumes+1","Crippling Poison+1","Adrenaline","Eviscerate","Corpse Explosion","Dash+1","Underhanded Strike+1","Finisher+1","PiercingWail","Calculated Gamble","Deadly Poison+1"],"relics":["Empty Cage","Question Card","Letter Opener","Mercury Hourglass","Astrolabe","Toy Ornithopter","Blue Candle","Tiny Chest","WingedGreaves"],"gold":129,"campfire_rested":2,"campfire_upgraded":2,"purchased_purges":1,"potions_floor_spawned":[5,7,12,18,23],"potions_floor_usage":[23,25],"current_hp_per_floor":[59,59,59,59,57,57,21,42,42,42,42,28,28,18,18,7,54,51,51,51,56,49,6,27,16,16,0],"max_hp_per_floor":[70,70,70,70,70,70,70,70,70,70,70,70,70,70,70,70,70,70,70,70,70,70,70,70,70,70,70],"gold_per_floor":[112,123,123,48,64,64,95,95,95,26,26,56,74,86,86,190,190,203,49,49,59,59,94,94,129,129,129],"path_per_floor":["M","M","?","$","M","R","E","R","T","$","?","E","M","M","R","B","ul","M","$","?","M","?","E","R","E","T","M"],"path_taken":["M","M","?","$","M","R","E","R","T","$","?","E","?","M","R","BOSS","M","$","?","M","?","E","R","E","T","?"],"items_purchased":["Crippling Poison","Toy Ornithopter"],"item_purchase_floors":[10,19],"items_purged":["Strike_G"],"items_purged_floors":[4],"character_chosen":"THE_SILENT","card_choices":[{"picked":"Eviscerate","not_picked":["PiercingWail","Deflect"],"floor":1},{"picked":"Prepared","not_picked":["Dagger Spray","Distraction"],"floor":2},{"picked":"Underhanded Strike","not_picked":["Bane","Backstab"],"floor":5},{"picked":"Noxious Fumes","not_picked":["Dagger Throw","Dodge and Roll"],"floor":7},{"picked":"SKIP","not_picked":["Underhanded Strike","Concentrate","Flying Knee","Backflip"],"floor":12},{"picked":"Adrenaline","not_picked":["Leg Sweep","Blade Dance","All Out Attack"],"floor":13},{"picked":"Eviscerate","not_picked":["Quick Slash","Blade Dance","Outmaneuver"],"floor":14},{"picked":"Corpse Explosion","not_picked":["Die Die Die","Phantasmal Killer","Envenom"],"floor":16},{"picked":"PiercingWail","not_picked":["Dagger Throw","Outmaneuver+1","Prepared"],"floor":18},{"picked":"SKIP","not_picked":["Eviscerate","Slice","Poisoned Stab","Leg Sweep"],"floor":21},{"picked":"Calculated Gamble","not_picked":["Well Laid Plans+1","Heel Hook","PiercingWail+1"],"floor":23},{"picked":"Deadly Poison+1","not_picked":["Blade Dance","Expertise","Bullet Time"],"floor":25}],"event_choices":[{"event_name":"Living Wall","player_choice":"Change","floor":3,"cards_obtained":["Setup"],"cards_removed":null,"cards_transformed":["Strike_G"],"cards_upgraded":null,"relics_obtained":null,"potions_obtained":null,"relics_lost":null,"damage_taken":0,"damage_healed":0,"max_hp_loss":0,"max_hp_gain":0,"gold_gain":0,"gold_loss":0},{"event_name":"Accursed Blacksmith","player_choice":"Forge","floor":11,"cards_obtained":null,"cards_removed":null,"cards_transformed":null,"cards_upgraded":["Noxious Fumes"],"relics_obtained":null,"potions_obtained":null,"relics_lost":null,"damage_taken":0,"damage_healed":0,"max_hp_loss":0,"max_hp_gain":0,"gold_gain":0,"gold_loss":0},{"event_name":"Cursed Tome","player_choice":"Ignored","floor":20,"cards_obtained":null,"cards_removed":null,"cards_transformed":null,"cards_upgraded":null,"relics_obtained":null,"potions_obtained":null,"relics_lost":null,"damage_taken":0,"damage_healed":0,"max_hp_loss":0,"max_hp_gain":0,"gold_gain":0,"gold_loss":0},{"event_name":"Wheel of Change","player_choice":"Damaged","floor":22,"cards_obtained":null,"cards_removed":null,"cards_transformed":null,"cards_upgraded":null,"relics_obtained":null,"potions_obtained":null,"relics_lost":null,"damage_taken":7,"damage_healed":0,"max_hp_loss":0,"max_hp_gain":0,"gold_gain":0,"gold_loss":0}],"boss_relics":[{"picked":"Astrolabe","not_picked":["SacredBark","Fusion Hammer"]}],"damage_taken":[{"floor":1,"enemies":"Small Slimes","damage":4,"turns":4},{"floor":2,"enemies":"Cultist","damage":0,"turns":3},{"floor":5,"enemies":"Jaw Worm","damage":2,"turns":3},{"floor":7,"enemies":"Gremlin Nob","damage":36,"turns":5},{"floor":12,"enemies":"Lagavulin","damage":14,"turns":7},{"floor":13,"enemies":"Exordium Thugs","damage":0,"turns":3},{"floor":14,"enemies":"Lots of Slimes","damage":10,"turns":2},{"floor":16,"enemies":"The Guardian","damage":11,"turns":8},{"floor":18,"enemies":"Spheric Guardian","damage":3,"turns":3},{"floor":21,"enemies":"2 Thieves","damage":0,"turns":1},{"floor":23,"enemies":"Gremlin Leader","damage":48,"turns":7},{"floor":25,"enemies":"Slavers","damage":21,"turns":2},{"floor":27,"enemies":"Cultist and Chosen","damage":16,"turns":4}],"potions_obtained":[{"key":"Fire Potion","floor":5},{"key":"SneckoOil","floor":7},{"key":"GamblersBrew","floor":12},{"key":"ColorlessPotion","floor":18},{"key":"Regen Potion","floor":23}],"relics_obtained":[{"key":"Question Card","floor":7},{"key":"Letter Opener","floor":9},{"key":"Mercury Hourglass","floor":12},{"key":"Blue Candle","floor":23},{"key":"Tiny Chest","floor":25},{"key":"WingedGreaves","floor":26}],"campfire_choices":[{"floor":6,"key":"SMITH","data":"Prepared"},{"floor":8,"key":"REST"},{"floor":15,"key":"SMITH","data":"Crippling Poison"},{"floor":24,"key":"REST"}],"circlet_count":0,"win_rate":0,"killed_by":"Cultist and Chosen"}