{"play_id":"3d7cc61c-5996-4dca-b837-28e82817dd60","build_version":"2020-01-27","seed_played":"-5599667631965288711","chose_seed":false,"seed_source_timestamp":2254179342380,"is_daily":false,"special_seed":null,"is_trial":false,"is_endless":false,"is_ascension_mode":true,"ascension_level":8,"neow_bonus":"BOSS_RELIC","neow_cost":"NONE","is_beta":false,"is_prod":false,"victory":false,"floor_reached":16,"score":165,"timestamp":1699060245,"local_time":"11/04/2023 01:10:45","playtime":799,"player_experience":294270,"master_deck":["Strike_G+1","Strike_G","Strike_G","Strike_G","Defend_G","Defend_G","Defend_G","Survivor","Neutralize","Terror","Bouncing Flask+1","Well Laid Plans+1","Poisoned Stab","Venomology+1","Dodge and Roll","Noxious Fumes"],"relics":["Empty Cage","Matryoshka","Meat on the Bone","Oddly Smooth Stone","Ginger","Bag of Preparation"],"gold":160,"campfire_rested":1,"campfire_upgraded":2,"purchased_purges":0,"potions_floor_spawned":[4,7,11,13],"potions_floor_usage":[11,13,13,14,14,16],"current_hp_per_floor":[61,61,61,61,47,47,35,35,35,56,42,39,37,37,37,0],"max_hp_per_floor":[70,70,70,70,70,70,70,70,70,70,70,70,70,70,70,70],"gold_per_floor":[114,64,27,46,46,46,73,73,73,73,98,118,147,160,160,160],"path_per_floor":["M","?","$","M","?","R","E","$","T","R","E","M","E","M","R","B"],"path_taken":["M","?","$","M","?","R","E","$","T","R","E","M","E","M","R","BOSS"],"items_purchased":["Bouncing Flask"],"item_purchase_floors":[3],"items_purged":[],"items_purged_floors":[],"character_chosen":"THE_SILENT","card_choices":[{"picked":"Terror","not_picked":["Dodge and Roll","Underhanded Strike"],"floor":1},{"picked":"Well Laid Plans","not_picked":["Backflip","Crippling Poison"],"floor":4},{"picked":"Poisoned Stab","not_picked":["Grand Finale","Outmaneuver"],"floor":7},{"picked":"Venomology","not_picked":["After Image","Finisher"],"floor":11},{"picked":"SKIP","not_picked":["Distraction","Backflip","Well Laid Plans"],"floor":12},{"picked":"Dodge and Roll","not_picked":["Masterful Stab","Deadly Poison"],"floor":13},{"picked":"Noxious Fumes","not_picked":["Poisoned Stab","Slice"],"floor":14}],"event_choices":[{"event_name":"The Cleric","player_choice":"Card Removal","floor":2,"cards_obtained":null,"cards_removed":["Defend_G"],"cards_transformed":null,"cards_upgraded":null,"relics_obtained":null,"potions_obtained":null,"relics_lost":null,"damage_taken":0,"damage_healed":0,"max_hp_loss":0,"max_hp_gain":0,"gold_gain":0,"gold_loss":50},{"event_name":"Shining Light","player_choice":"Entered Light","floor":5,"cards_obtained":null,"cards_removed":null,"cards_transformed":null,"cards_upgraded":["Well Laid Plans","Strike_G"],"relics_obtained":null,"potions_obtained":null,"relics_lost":null,"damage_taken":14,"damage_healed":0,"max_hp_loss":0,"max_hp_gain":0,"gold_gain":0,"gold_loss":0}],"boss_relics":[],"damage_taken":[{"floor":1,"enemies":"Jaw Worm","damage":2,"turns":8},{"floor":4,"enemies":"2 Louse","damage":0,"turns":3},{"floor":7,"enemies":"Lagavulin","damage":12,"turns":5},{"floor":11,"enemies":"3 Sentries","damage":26,"turns":8},{"floor":12,"enemies":"Small Slimes","damage":3,"turns":3},{"floor":13,"enemies":"Lagavulin","damage":14,"turns":5},{"floor":14,"enemies":"3 Louse","damage":0,"turns":2},{"floor":16,"enemies":"Slime Boss","damage":38,"turns":7}],"potions_obtained":[{"key":"Strength Potion","floor":4},{"key":"SpeedPotion","floor":7},{"key":"CultistPotion","floor":11},{"key":"BlessingOfTheForge","floor":13}],"relics_obtained":[{"key":"Matryoshka","floor":7},{"key":"Meat on the Bone","floor":9},{"key":"Oddly Smooth Stone","floor":9},{"key":"Ginger","floor":11},{"key":"Bag of Preparation","floor":13}],"campfire_choices":[{"floor":6,"key":"SMITH","data":"Bouncing Flask"},{"floor":10,"key":"REST"},{"floor":15,"key":"SMITH","data":"Venomology"}],"circlet_count":0,"win_rate":0,"killed_by":"Slime Boss"}