{"play_id":"176b44c1-21cb-4f8b-82f1-c092906f0b62","build_version":"2020-01-27","seed_played":"-4526684686079073803","chose_seed":false,"seed_source_timestamp":0,"is_daily":false,"special_seed":0,"is_trial":false,"is_endless":false,"is_ascension_mode":true,"ascension_level":8,"neow_bonus":"ONE_RANDOM_RARE_CARD","neow_cost":"NONE","is_beta":false,"is_prod":false,"victory":true,"floor_reached":51,"score":1041,"timestamp":1699111254,"local_time":"11/04/2023 15:20:54","playtime":2731,"player_experience":297950,"master_deck":["Survivor","Neutralize","Phantasmal Killer+1","Footwork","Blade Dance","Flying Knee","Leg Sweep","Riddle With Holes","Heel Hook+1","Noxious Fumes","Glass Knife","Sucker Punch","HandOfGreed+1","Necronomicurse","Shame","Bouncing Flask+1","Choke+1","Burst+1","Poisoned Stab","Dash","Predator+1","Phantasmal Killer+1","Adrenaline+1","Caltrops","Expertise+1","Blade Dance+1","Choke+1","Blade Dance+1","Malaise+1","Terror+1"],"relics":["Ring of the Snake","Question Card","Paper Crane","Orichalcum","Potion Belt","Ectoplasm","Necronomicon","MealTicket","Strawberry","Juzu Bracelet","Toxic Egg 2","Lantern","Pandora's Box","Peace Pipe","StrikeDummy","Singing Bowl","Gremlin Horn","Red Mask"],"gold":0,"campfire_rested":5,"campfire_upgraded":4,"purchased_purges":2,"potions_floor_spawned":[1,3,14,22,23,31,36,38,41,46],"potions_floor_usage":[50,50,50,50,50,50,50],"current_hp_per_floor":[59,59,55,41,34,15,15,15,15,12,12,7,28,22,43,34,61,57,57,41,41,41,45,45,35,35,10,10,33,28,28,51,3,59,59,58,73,73,77,77,40,40,40,40,36,38,38,38,62,52],"max_hp_per_floor":[70,70,70,70,70,70,70,70,70,70,70,70,70,70,70,70,70,70,70,70,70,70,77,77,77,77,77,77,77,77,77,77,77,77,77,77,77,77,77,77,77,77,77,77,79,81,81,81,81,81],"gold_per_floor":[113,15,28,28,28,53,53,69,69,69,244,271,271,282,282,386,386,386,35,35,35,0,0,0,0,0,0,0,0,0,0,0,0,0,0,0,0,0,0,0,0,0,0,0,0,0,0,0,0,0],"path_per_floor":["M","$","M","?","?","E","?","M","T","?","?","E","R","M","R","B","ul","M","$","?","?","M","E","R","E","T","M","T","R","M","M","R","B","ul","M","?","$","M","$","R","E","R","T","R","M","E","?","M","R","B",null],"path_taken":["M","$","M","?","?","E","?","?","T","?","?","E","R","M","R","BOSS","M","$","?","?","M","E","R","E","T","M","?","R","M","M","R","BOSS","M","?","$","M","?","R","E","R","T","R","M","E","?","M","R","BOSS"],"items_purchased":["Blade Dance","HandOfGreed","CunningPotion"],"item_purchase_floors":[2,19,19],"items_purged":["Defend_G","Doubt"],"items_purged_floors":[2,19],"character_chosen":"THE_SILENT","card_choices":[{"picked":"Footwork","not_picked":["Dash","Deflect"],"floor":1},{"picked":"Flying Knee","not_picked":["Deadly Poison","Noxious Fumes"],"floor":3},{"picked":"SKIP","not_picked":["Underhanded Strike","Sucker Punch","Tools of the Trade"],"floor":6},{"picked":"Riddle With Holes","not_picked":["Underhanded Strike","Deflect","Crippling Poison"],"floor":8},{"picked":"Heel Hook","not_picked":["Poisoned Stab","Deflect","Slice"],"floor":12},{"picked":"Noxious Fumes","not_picked":["PiercingWail","Underhanded Strike","Infinite Blades"],"floor":14},{"picked":"Glass Knife","not_picked":["Burst","Adrenaline","Night Terror"],"floor":16},{"picked":"Sucker Punch","not_picked":["Dash","Deadly Poison","Flechettes+1"],"floor":18},{"picked":"Bouncing Flask","not_picked":["Outmaneuver","Deadly Poison","Flechettes"],"floor":22},{"picked":"SKIP","not_picked":["Flying Knee","Grand Finale","Underhanded Strike","Dagger Throw"],"floor":23},{"picked":"SKIP","not_picked":["Concentrate","A Thousand Cuts","Sucker Punch","Burst"],"floor":25},{"picked":"SKIP","not_picked":["Flechettes","Prepared+1","Flying Knee","Noxious Fumes+1"],"floor":27},{"picked":"Choke+1","not_picked":["Dagger Throw+1","Well Laid Plans+1","Dash"],"floor":30},{"picked":"SKIP","not_picked":["Deflect+1","Dodge and Roll+1","Dagger Spray","Endless Agony"],"floor":31},{"picked":"Burst+1","not_picked":["A Thousand Cuts","Grand Finale","Die Die Die"],"floor":33},{"picked":"Blade Dance+1","not_picked":["Predator","Escape Plan+1","Sucker Punch"],"floor":35},{"picked":"Choke+1","not_picked":["Dagger Throw","Bouncing Flask+1","PiercingWail+1"],"floor":36},{"picked":"Blade Dance+1","not_picked":["Outmaneuver+1","All Out Attack","Sucker Punch"],"floor":38},{"picked":"Malaise+1","not_picked":["Flying Knee+1","Prepared+1","Bane+1"],"floor":41},{"picked":"Singing Bowl","not_picked":["Backflip+1","Footwork","Expertise+1","Blur+1"],"floor":45},{"picked":"Singing Bowl","not_picked":["Deflect+1","Acrobatics+1","Prepared+1","PiercingWail+1"],"floor":46},{"picked":"Terror+1","not_picked":["Acrobatics+1","Deadly Poison+1","Slice"],"floor":48}],"event_choices":[{"event_name":"Shining Light","player_choice":"Entered Light","floor":4,"cards_obtained":null,"cards_removed":null,"cards_transformed":null,"cards_upgraded":["Phantasmal Killer","Strike_G"],"relics_obtained":null,"potions_obtained":null,"relics_lost":null,"damage_taken":14,"damage_healed":0,"max_hp_loss":0,"max_hp_gain":0,"gold_gain":0,"gold_loss":0},{"event_name":"Golden Wing","player_choice":"Card Removal","floor":5,"cards_obtained":null,"cards_removed":["Strike_G"],"cards_transformed":null,"cards_upgraded":null,"relics_obtained":null,"potions_obtained":null,"relics_lost":null,"damage_taken":7,"damage_healed":0,"max_hp_loss":0,"max_hp_gain":0,"gold_gain":0,"gold_loss":0},{"event_name":"Transmorgrifier","player_choice":"Transformed","floor":7,"cards_obtained":["Leg Sweep"],"cards_removed":null,"cards_transformed":["Strike_G"],"cards_upgraded":null,"relics_obtained":null,"potions_obtained":null,"relics_lost":null,"damage_taken":0,"damage_healed":0,"max_hp_loss":0,"max_hp_gain":0,"gold_gain":0,"gold_loss":0},{"event_name":"Scrap Ooze","player_choice":"Success","floor":10,"cards_obtained":null,"cards_removed":null,"cards_transformed":null,"cards_upgraded":null,"relics_obtained":["Orichalcum"],"potions_obtained":null,"relics_lost":null,"damage_taken":3,"damage_healed":0,"max_hp_loss":0,"max_hp_gain":0,"gold_gain":0,"gold_loss":0},{"event_name":"Liars Game","player_choice":"AGREE","floor":11,"cards_obtained":["Doubt"],"cards_removed":null,"cards_transformed":null,"cards_upgraded":null,"relics_obtained":null,"potions_obtained":null,"relics_lost":null,"damage_taken":0,"damage_healed":0,"max_hp_loss":0,"max_hp_gain":0,"gold_gain":175,"gold_loss":0},{"event_name":"Cursed Tome","player_choice":"Obtained Book","floor":20,"cards_obtained":null,"cards_removed":null,"cards_transformed":null,"cards_upgraded":null,"relics_obtained":null,"potions_obtained":null,"relics_lost":null,"damage_taken":16,"damage_healed":0,"max_hp_loss":0,"max_hp_gain":0,"gold_gain":0,"gold_loss":0},{"event_name":"Addict","player_choice":"Stole Relic","floor":21,"cards_obtained":["Shame"],"cards_removed":null,"cards_transformed":null,"cards_upgraded":null,"relics_obtained":["MealTicket"],"potions_obtained":null,"relics_lost":null,"damage_taken":0,"damage_healed":0,"max_hp_loss":0,"max_hp_gain":0,"gold_gain":0,"gold_loss":0},{"event_name":"MindBloom","player_choice":"Fight","floor":36,"cards_obtained":null,"cards_removed":null,"cards_transformed":null,"cards_upgraded":null,"relics_obtained":null,"potions_obtained":null,"relics_lost":null,"damage_taken":0,"damage_healed":0,"max_hp_loss":0,"max_hp_gain":0,"gold_gain":0,"gold_loss":0},{"event_name":"Tomb of Lord Red Mask","player_choice":"Paid","floor":47,"cards_obtained":null,"cards_removed":null,"cards_transformed":null,"cards_upgraded":null,"relics_obtained":["Red Mask"],"potions_obtained":null,"relics_lost":null,"damage_taken":0,"damage_healed":0,"max_hp_loss":0,"max_hp_gain":0,"gold_gain":0,"gold_loss":0}],"boss_relics":[{"picked":"Ectoplasm","not_picked":["SlaversCollar","Velvet Choker"]},{"picked":"Pandora's Box","not_picked":["HoveringKite","Cursed Key"]}],"damage_taken":[{"floor":1,"enemies":"Small Slimes","damage":4,"turns":3},{"floor":3,"enemies":"Jaw Worm","damage":4,"turns":5},{"floor":6,"enemies":"3 Sentries","damage":19,"turns":12},{"floor":8,"enemies":"2 Louse","damage":0,"turns":2},{"floor":12,"enemies":"Lagavulin","damage":5,"turns":5},{"floor":14,"enemies":"Exordium Wildlife","damage":6,"turns":8},{"floor":16,"enemies":"The Guardian","damage":9,"turns":12},{"floor":18,"enemies":"3 Byrds","damage":4,"turns":5},{"floor":22,"enemies":"2 Thieves","damage":0,"turns":4},{"floor":23,"enemies":"Book of Stabbing","damage":3,"turns":2},{"floor":25,"enemies":"Slavers","damage":10,"turns":6},{"floor":27,"enemies":"Snecko","damage":25,"turns":5},{"floor":30,"enemies":"Sentry and Sphere","damage":5,"turns":3},{"floor":31,"enemies":"Snake Plant","damage":0,"turns":2},{"floor":33,"enemies":"Champ","damage":48,"turns":8},{"floor":35,"enemies":"3 Darklings","damage":0,"turns":3},{"floor":36,"enemies":"Mind Bloom Boss Battle","damage":1,"turns":5},{"floor":38,"enemies":"3 Shapes","damage":0,"turns":2},{"floor":41,"enemies":"Reptomancer","damage":37,"turns":4},{"floor":45,"enemies":"3 Darklings","damage":6,"turns":3},{"floor":46,"enemies":"Nemesis","damage":0,"turns":1},{"floor":48,"enemies":"Writhing Mass","damage":0,"turns":2},{"floor":50,"enemies":"Awakened One","damage":10,"turns":6}],"potions_obtained":[{"key":"EntropicBrew","floor":1},{"key":"ColorlessPotion","floor":3},{"key":"Explosive Potion","floor":14},{"key":"Poison Potion","floor":23},{"key":"Block Potion","floor":31},{"key":"EntropicBrew","floor":36},{"key":"DuplicationPotion","floor":38},{"key":"SkillPotion","floor":41},{"key":"Block Potion","floor":46}],"relics_obtained":[{"key":"Question Card","floor":6},{"key":"Paper Crane","floor":9},{"key":"Potion Belt","floor":12},{"key":"Necronomicon","floor":20},{"key":"Strawberry","floor":23},{"key":"Juzu Bracelet","floor":25},{"key":"Toxic Egg 2","floor":26},{"key":"Lantern","floor":28},{"key":"Peace Pipe","floor":36},{"key":"StrikeDummy","floor":41},{"key":"Singing Bowl","floor":43},{"key":"Gremlin Horn","floor":46}],"campfire_choices":[{"floor":13,"key":"REST"},{"floor":15,"key":"REST"},{"floor":24,"key":"SMITH","data":"HandOfGreed"},{"floor":29,"key":"REST"},{"floor":32,"key":"REST"},{"floor":40,"key":"SMITH","data":"Predator"},{"floor":42,"key":"SMITH","data":"Bouncing Flask"},{"floor":44,"key":"SMITH","data":"Heel Hook"},{"floor":49,"key":"REST"}],"circlet_count":0,"win_rate":0,"killed_by":null}