{"play_id":"93a5738c-fb1d-4bd9-a289-daeea894aa4e","build_version":"2020-01-27","seed_played":"-4440447562134632372","chose_seed":false,"seed_source_timestamp":0,"is_daily":false,"special_seed":0,"is_trial":false,"is_endless":false,"is_ascension_mode":true,"ascension_level":9,"neow_bonus":"THREE_ENEMY_KILL","neow_cost":"NONE","is_beta":false,"is_prod":false,"victory":false,"floor_reached":48,"score":765,"timestamp":1699845313,"local_time":"11/13/2023 03:15:13","playtime":2041,"player_experience":339164,"master_deck":["Defend_G","Defend_G","Survivor","Neutralize","Quick Slash","Dash+1","Poisoned Stab","Bane","Bane","Bane","Glass Knife+1","Poisoned Stab","Poisoned Stab","Sucker Punch+1","Flying Knee+1","Terror","Noxious Fumes+1","Bane+1","Glass Knife","Prepared+1","Dagger Throw+1","Dash+1","Deadly Poison+1","Concentrate","Flying Knee+1"],"relics":["Ring of the Snake","NeowsBlessing","Girya","Thread and Needle","TungstenRod","Runic Pyramid","Omamori","Blood Vial","Vajra","Happy Flower","Astrolabe","Art of War","Bag of Preparation","Sundial"],"gold":277,"campfire_rested":2,"campfire_upgraded":3,"purchased_purges":3,"potions_floor_spawned":[4,5,8,16,18,22,30,31,35,42,47],"potions_floor_usage":[23,30,41,48],"current_hp_per_floor":[63,63,63,63,63,43,43,29,29,29,29,29,29,29,29,8,55,49,49,49,49,50,21,21,21,21,21,43,45,39,35,35,9,59,61,61,75,75,66,66,51,12,12,7,29,29,31,0],"max_hp_per_floor":[70,70,70,70,70,70,70,70,70,70,70,70,70,70,70,70,70,70,70,70,70,75,75,75,75,75,75,75,75,75,75,75,75,75,75,75,75,75,75,75,75,75,75,75,75,75,75,75],"gold_per_floor":[113,0,0,11,24,58,58,84,84,84,101,51,151,161,161,261,261,278,278,178,8,24,57,57,70,70,93,93,106,132,145,145,250,250,262,262,262,262,278,278,295,330,330,342,342,266,277,277],"path_per_floor":["M","$","?","M","M","E","R","E","T","R","M","?","?","M","R","B","ul","M","?","$","$","M","E","R","M","T","T","R","M","E","M","R","B",null,"M","?","?","?","M","R","M","E","T","M","R","$","M","E"],"path_taken":["M","$","?","M","M","E","R","E","T","R","?","?","?","M","R","BOSS","M","?","?","$","M","E","R","M","T","?","R","M","E","M","R","BOSS","M","?","?","?","?","R","M","E","T","M","R","$","?","E"],"items_purchased":["Dash","Poisoned Stab","DuplicationPotion"],"item_purchase_floors":[2,21,46],"items_purged":["Strike_G","Strike_G","Strike_G"],"items_purged_floors":[2,20,21],"character_chosen":"THE_SILENT","card_choices":[{"picked":"Quick Slash","not_picked":["Prepared","Flechettes"],"floor":1},{"picked":"Poisoned Stab","not_picked":["Dagger Throw","Prepared"],"floor":4},{"picked":"Bane","not_picked":["Infinite Blades","Dagger Throw"],"floor":5},{"picked":"Bane","not_picked":["Calculated Gamble","Deadly Poison"],"floor":6},{"picked":"SKIP","not_picked":["After Image","Dagger Spray","Outmaneuver"],"floor":8},{"picked":"SKIP","not_picked":["Slice","Quick Slash","Dodge and Roll"],"floor":11},{"picked":"Bane","not_picked":["Slice","Deadly Poison"],"floor":14},{"picked":"Glass Knife","not_picked":["Bullet Time","Burst"],"floor":16},{"picked":"Poisoned Stab","not_picked":["Blade Dance","Acrobatics+1"],"floor":18},{"picked":"Sucker Punch","not_picked":["Deadly Poison","Bane"],"floor":22},{"picked":"Flying Knee+1","not_picked":["Calculated Gamble","Blade Dance"],"floor":23},{"picked":"Terror","not_picked":["Flying Knee","Expertise"],"floor":25},{"picked":"Noxious Fumes","not_picked":["Deflect","Deadly Poison"],"floor":29},{"picked":"SKIP","not_picked":["Dodge and Roll+1","Grand Finale","Eviscerate"],"floor":30},{"picked":"Bane+1","not_picked":["Dagger Spray+1","Bouncing Flask+1"],"floor":31},{"picked":"Glass Knife","not_picked":["Die Die Die","Unload"],"floor":33},{"picked":"SKIP","not_picked":["Deflect","Slice+1","Flying Knee"],"floor":35},{"picked":"Dash+1","not_picked":["Blade Dance+1","Finisher"],"floor":39},{"picked":"SKIP","not_picked":["Prepared+1","Deadly Poison+1","Blade Dance+1"],"floor":41},{"picked":"Deadly Poison+1","not_picked":["Dagger Throw+1","Grand Finale"],"floor":42},{"picked":"Concentrate","not_picked":["Masterful Stab+1","Bouncing Flask+1"],"floor":44},{"picked":"Flying Knee+1","not_picked":["PiercingWail","Eviscerate"],"floor":47}],"event_choices":[{"event_name":"Purifier","player_choice":"Purged","floor":3,"cards_obtained":null,"cards_removed":["Strike_G"],"cards_transformed":null,"cards_upgraded":null,"relics_obtained":null,"potions_obtained":null,"relics_lost":null,"damage_taken":0,"damage_healed":0,"max_hp_loss":0,"max_hp_gain":0,"gold_gain":0,"gold_loss":0},{"event_name":"The Cleric","player_choice":"Card Removal","floor":12,"cards_obtained":null,"cards_removed":["Strike_G"],"cards_transformed":null,"cards_upgraded":null,"relics_obtained":null,"potions_obtained":null,"relics_lost":null,"damage_taken":0,"damage_healed":0,"max_hp_loss":0,"max_hp_gain":0,"gold_gain":0,"gold_loss":50},{"event_name":"Golden Shrine","player_choice":"Pray","floor":13,"cards_obtained":null,"cards_removed":null,"cards_transformed":null,"cards_upgraded":null,"relics_obtained":null,"potions_obtained":null,"relics_lost":null,"damage_taken":0,"damage_healed":0,"max_hp_loss":0,"max_hp_gain":0,"gold_gain":100,"gold_loss":0},{"event_name":"Accursed Blacksmith","player_choice":"Forge","floor":19,"cards_obtained":null,"cards_removed":null,"cards_transformed":null,"cards_upgraded":["Glass Knife"],"relics_obtained":null,"potions_obtained":null,"relics_lost":null,"damage_taken":0,"damage_healed":0,"max_hp_loss":0,"max_hp_gain":0,"gold_gain":0,"gold_loss":0},{"event_name":"Falling","player_choice":"Removed Power","floor":36,"cards_obtained":null,"cards_removed":["After Image"],"cards_transformed":null,"cards_upgraded":null,"relics_obtained":null,"potions_obtained":null,"relics_lost":null,"damage_taken":0,"damage_healed":0,"max_hp_loss":0,"max_hp_gain":0,"gold_gain":0,"gold_loss":0},{"event_name":"Winding Halls","player_choice":"Writhe","floor":37,"cards_obtained":["Writhe"],"cards_removed":null,"cards_transformed":null,"cards_upgraded":null,"relics_obtained":null,"potions_obtained":null,"relics_lost":null,"damage_taken":0,"damage_healed":19,"max_hp_loss":0,"max_hp_gain":0,"gold_gain":0,"gold_loss":0},{"event_name":"WeMeetAgain","player_choice":"Gave Potion","floor":38,"cards_obtained":null,"cards_removed":null,"cards_transformed":null,"cards_upgraded":null,"relics_obtained":["Art of War"],"potions_obtained":null,"relics_lost":null,"damage_taken":0,"damage_healed":0,"max_hp_loss":0,"max_hp_gain":0,"gold_gain":0,"gold_loss":0}],"boss_relics":[{"picked":"Runic Pyramid","not_picked":["Cursed Key","Busted Crown"]},{"picked":"Astrolabe","not_picked":["Fusion Hammer","Pandora's Box"]}],"damage_taken":[{"floor":1,"enemies":"2 Louse","damage":0,"turns":1},{"floor":4,"enemies":"Cultist","damage":0,"turns":1},{"floor":5,"enemies":"Small Slimes","damage":0,"turns":1},{"floor":6,"enemies":"Gremlin Nob","damage":20,"turns":4},{"floor":8,"enemies":"3 Sentries","damage":14,"turns":9},{"floor":11,"enemies":"Red Slaver","damage":0,"turns":2},{"floor":14,"enemies":"Exordium Wildlife","damage":0,"turns":3},{"floor":16,"enemies":"Slime Boss","damage":21,"turns":8},{"floor":18,"enemies":"Spheric Guardian","damage":6,"turns":3},{"floor":22,"enemies":"Shell Parasite","damage":4,"turns":2},{"floor":23,"enemies":"Gremlin Leader","damage":29,"turns":6},{"floor":25,"enemies":"3 Cultists","damage":0,"turns":4},{"floor":29,"enemies":"Snecko","damage":0,"turns":2},{"floor":30,"enemies":"Book of Stabbing","damage":8,"turns":2},{"floor":31,"enemies":"Cultist and Chosen","damage":6,"turns":4},{"floor":33,"enemies":"Champ","damage":58,"turns":8},{"floor":35,"enemies":"Orb Walker","damage":0,"turns":2},{"floor":39,"enemies":"3 Shapes","damage":9,"turns":3},{"floor":41,"enemies":"Spire Growth","damage":17,"turns":3},{"floor":42,"enemies":"Giant Head","damage":41,"turns":7},{"floor":44,"enemies":"4 Shapes","damage":7,"turns":6},{"floor":47,"enemies":"Transient","damage":0,"turns":5},{"floor":48,"enemies":"Reptomancer","damage":41,"turns":4}],"potions_obtained":[{"key":"Strength Potion","floor":4},{"key":"Weak Potion","floor":5},{"key":"GhostInAJar","floor":8},{"key":"Fire Potion","floor":16},{"key":"Fruit Juice","floor":18},{"key":"Block Potion","floor":22},{"key":"Strength Potion","floor":30},{"key":"FairyPotion","floor":31},{"key":"Energy Potion","floor":35},{"key":"Ancient Potion","floor":42}],"relics_obtained":[{"key":"Girya","floor":6},{"key":"Thread and Needle","floor":8},{"key":"TungstenRod","floor":9},{"key":"Omamori","floor":23},{"key":"Blood Vial","floor":26},{"key":"Vajra","floor":27},{"key":"Happy Flower","floor":30},{"key":"Bag of Preparation","floor":42},{"key":"Sundial","floor":43}],"campfire_choices":[{"floor":7,"key":"LIFT","data":"1"},{"floor":10,"key":"LIFT","data":"2"},{"floor":15,"key":"LIFT","data":"3"},{"floor":24,"key":"SMITH","data":"Dash"},{"floor":28,"key":"REST"},{"floor":32,"key":"SMITH","data":"Sucker Punch"},{"floor":40,"key":"SMITH","data":"Noxious Fumes"},{"floor":45,"key":"REST"}],"circlet_count":0,"win_rate":0,"killed_by":"Reptomancer"}