{"play_id":"180a1ec3-d367-4c7e-962f-b49b86a903c7","build_version":"2020-01-27","seed_played":"-1696075256319916580","chose_seed":false,"seed_source_timestamp":2161441150342,"is_daily":false,"special_seed":null,"is_trial":false,"is_endless":false,"is_ascension_mode":true,"ascension_level":9,"neow_bonus":"THREE_ENEMY_KILL","neow_cost":"NONE","is_beta":false,"is_prod":false,"victory":true,"floor_reached":51,"score":1274,"timestamp":1700016827,"local_time":"11/15/2023 02:53:47","playtime":1836,"player_experience":353185,"master_deck":["Strike_G+1","Defend_G","Defend_G","Defend_G","Defend_G","Survivor","Neutralize","Sucker Punch+1","Catalyst+1","Catalyst+1","Deadly Poison","Well Laid Plans","Catalyst+1","Acrobatics","Noxious Fumes+1","Footwork+1","Night Terror+1","Poisoned Stab+1","Escape Plan","Adrenaline","Catalyst","Noxious Fumes"],"relics":["Ring of the Snake","NeowsBlessing","TwistedFunnel","Spirit Poop","Mummified Hand","Orichalcum","DollysMirror","Regal Pillow","Empty Cage","Pen Nib","Whetstone","Bag of Preparation","Nunchaku","Bottled Tornado","Runic Pyramid","Pear","OrangePellets","Mango","Blood Vial","The Specimen","Art of War","Blue Candle"],"gold":87,"campfire_rested":3,"campfire_upgraded":5,"purchased_purges":2,"potions_floor_spawned":[1,16,18,28,30,31,33,38,41,44],"potions_floor_usage":[23,30,41,50,50,50],"current_hp_per_floor":[63,63,63,63,63,63,63,63,63,63,63,63,60,44,44,42,63,45,45,45,45,45,40,40,9,9,9,1,37,36,36,70,22,58,51,61,61,51,51,51,53,60,60,62,62,59,61,63,94,59],"max_hp_per_floor":[70,70,70,70,70,70,70,70,70,70,70,70,70,70,70,70,70,70,70,70,70,70,70,70,70,70,70,70,70,70,70,70,70,70,70,80,80,80,80,80,80,94,94,94,94,94,94,94,94,94],"gold_per_floor":[109,284,58,58,76,76,109,109,162,162,5,15,28,55,55,156,156,174,273,273,273,273,302,302,332,385,385,404,404,422,437,437,538,538,548,430,172,182,182,182,202,227,227,277,31,47,74,87,87,87],"path_per_floor":["M","?","$","?","M","R","E","R","T","?","$","M","M","E","R","B",null,"M","?","?","?","?","E","R","E","T","T","M","R","M","M","R","B",null,"M","?","$","M","?","R","M","E","T","?","$","M","E","M","R","B",null],"path_taken":["M","?","$","?","?","R","E","R","T","?","$","M","M","E","R","BOSS","M","?","?","?","?","E","R","E","T","?","?","R","M","M","R","BOSS","M","?","$","?","?","R","?","E","T","?","?","M","E","M","R","BOSS"],"items_purchased":["TwistedFunnel","Catalyst","DollysMirror","Catalyst","OrangePellets","Art of War"],"item_purchase_floors":[3,3,11,37,37,45],"items_purged":["Strike_G","Defend_G"],"items_purged_floors":[37,45],"character_chosen":"THE_SILENT","card_choices":[{"picked":"Sucker Punch","not_picked":["Backstab","Caltrops"],"floor":1},{"picked":"Catalyst","not_picked":["Terror","Slice"],"floor":5},{"picked":"Deadly Poison","not_picked":["Crippling Poison","Prepared"],"floor":7},{"picked":"Acrobatics","not_picked":["Tactician","Deflect"],"floor":12},{"picked":"Noxious Fumes","not_picked":["Quick Slash","Deflect"],"floor":13},{"picked":"Footwork","not_picked":["Prepared","Endless Agony"],"floor":14},{"picked":"Night Terror","not_picked":["Bullet Time","Unload"],"floor":16},{"picked":"SKIP","not_picked":["Riddle With Holes","Slice+1","Acrobatics+1"],"floor":18},{"picked":"Poisoned Stab+1","not_picked":["Catalyst+1","Acrobatics"],"floor":23},{"picked":"Escape Plan","not_picked":["Doppelganger","Backflip+1"],"floor":25},{"picked":"SKIP","not_picked":["Prepared","Dagger Spray+1","Outmaneuver+1"],"floor":28},{"picked":"SKIP","not_picked":["Dagger Throw+1","Finisher","Dash"],"floor":30},{"picked":"SKIP","not_picked":["Blade Dance","Bouncing Flask","Flechettes+1"],"floor":31},{"picked":"Adrenaline","not_picked":["After Image","A Thousand Cuts"],"floor":33},{"picked":"SKIP","not_picked":["Outmaneuver","Expertise","Quick Slash+1"],"floor":35},{"picked":"SKIP","not_picked":["Blade Dance+1","Slice+1","Quick Slash"],"floor":38},{"picked":"Noxious Fumes","not_picked":["Blade Dance+1","Endless Agony"],"floor":41},{"picked":"SKIP","not_picked":["Bullet Time","Dodge and Roll","Dagger Spray+1"],"floor":42},{"picked":"SKIP","not_picked":["Setup","Tactician","Acrobatics+1"],"floor":46},{"picked":"SKIP","not_picked":["Terror+1","Poisoned Stab","Dodge and Roll"],"floor":47},{"picked":"SKIP","not_picked":["Deflect","Quick Slash","Prepared"],"floor":48}],"event_choices":[{"event_name":"Liars Game","player_choice":"AGREE","floor":2,"cards_obtained":["Doubt"],"cards_removed":null,"cards_transformed":null,"cards_upgraded":null,"relics_obtained":null,"potions_obtained":null,"relics_lost":null,"damage_taken":0,"damage_healed":0,"max_hp_loss":0,"max_hp_gain":0,"gold_gain":175,"gold_loss":0},{"event_name":"Bonfire Elementals","player_choice":"Offered Curse","floor":4,"cards_obtained":null,"cards_removed":["Doubt"],"cards_transformed":null,"cards_upgraded":null,"relics_obtained":["Spirit Poop"],"potions_obtained":null,"relics_lost":null,"damage_taken":0,"damage_healed":0,"max_hp_loss":0,"max_hp_gain":0,"gold_gain":0,"gold_loss":0},{"event_name":"Living Wall","player_choice":"Change","floor":10,"cards_obtained":["Well Laid Plans"],"cards_removed":null,"cards_transformed":["Strike_G"],"cards_upgraded":null,"relics_obtained":null,"potions_obtained":null,"relics_lost":null,"damage_taken":0,"damage_healed":0,"max_hp_loss":0,"max_hp_gain":0,"gold_gain":0,"gold_loss":0},{"event_name":"Nest","player_choice":"Stole From Cult","floor":19,"cards_obtained":null,"cards_removed":null,"cards_transformed":null,"cards_upgraded":null,"relics_obtained":null,"potions_obtained":null,"relics_lost":null,"damage_taken":0,"damage_healed":0,"max_hp_loss":0,"max_hp_gain":0,"gold_gain":99,"gold_loss":0},{"event_name":"Cursed Tome","player_choice":"Ignored","floor":20,"cards_obtained":null,"cards_removed":null,"cards_transformed":null,"cards_upgraded":null,"relics_obtained":null,"potions_obtained":null,"relics_lost":null,"damage_taken":0,"damage_healed":0,"max_hp_loss":0,"max_hp_gain":0,"gold_gain":0,"gold_loss":0},{"event_name":"Ghosts","player_choice":"Ignored","floor":21,"cards_obtained":null,"cards_removed":null,"cards_transformed":null,"cards_upgraded":null,"relics_obtained":null,"potions_obtained":null,"relics_lost":null,"damage_taken":0,"damage_healed":0,"max_hp_loss":0,"max_hp_gain":0,"gold_gain":0,"gold_loss":0},{"event_name":"The Mausoleum","player_choice":"Opened","floor":22,"cards_obtained":null,"cards_removed":null,"cards_transformed":null,"cards_upgraded":null,"relics_obtained":["Pen Nib"],"potions_obtained":null,"relics_lost":null,"damage_taken":0,"damage_healed":0,"max_hp_loss":0,"max_hp_gain":0,"gold_gain":0,"gold_loss":0},{"event_name":"WeMeetAgain","player_choice":"Paid Gold","floor":36,"cards_obtained":null,"cards_removed":null,"cards_transformed":null,"cards_upgraded":null,"relics_obtained":["Pear"],"potions_obtained":null,"relics_lost":null,"damage_taken":0,"damage_healed":0,"max_hp_loss":0,"max_hp_gain":0,"gold_gain":0,"gold_loss":118},{"event_name":"Lab","player_choice":"Got Potions","floor":39,"cards_obtained":null,"cards_removed":null,"cards_transformed":null,"cards_upgraded":null,"relics_obtained":null,"potions_obtained":null,"relics_lost":null,"damage_taken":0,"damage_healed":0,"max_hp_loss":0,"max_hp_gain":0,"gold_gain":0,"gold_loss":0},{"event_name":"MindBloom","player_choice":"Fight","floor":44,"cards_obtained":null,"cards_removed":null,"cards_transformed":null,"cards_upgraded":null,"relics_obtained":null,"potions_obtained":null,"relics_lost":null,"damage_taken":0,"damage_healed":0,"max_hp_loss":0,"max_hp_gain":0,"gold_gain":0,"gold_loss":0}],"boss_relics":[{"picked":"Empty Cage","not_picked":["Pandora's Box","WristBlade"]},{"picked":"Runic Pyramid","not_picked":["Sozu","Cursed Key"]}],"damage_taken":[{"floor":1,"enemies":"Small Slimes","damage":0,"turns":1},{"floor":5,"enemies":"2 Louse","damage":0,"turns":1},{"floor":7,"enemies":"3 Sentries","damage":0,"turns":2},{"floor":12,"enemies":"Cultist","damage":0,"turns":2},{"floor":13,"enemies":"Blue Slaver","damage":3,"turns":3},{"floor":14,"enemies":"Gremlin Nob","damage":16,"turns":3},{"floor":16,"enemies":"The Guardian","damage":2,"turns":3},{"floor":18,"enemies":"Shell Parasite","damage":18,"turns":4},{"floor":23,"enemies":"Book of Stabbing","damage":5,"turns":3},{"floor":25,"enemies":"Slavers","damage":31,"turns":6},{"floor":28,"enemies":"2 Thieves","damage":8,"turns":4},{"floor":30,"enemies":"Shelled Parasite and Fungi","damage":1,"turns":2},{"floor":31,"enemies":"Snecko","damage":0,"turns":2},{"floor":33,"enemies":"Collector","damage":48,"turns":4},{"floor":35,"enemies":"3 Darklings","damage":7,"turns":4},{"floor":38,"enemies":"Orb Walker","damage":10,"turns":2},{"floor":41,"enemies":"4 Shapes","damage":12,"turns":4},{"floor":42,"enemies":"Nemesis","damage":7,"turns":3},{"floor":44,"enemies":"Mind Bloom Boss Battle","damage":0,"turns":6},{"floor":46,"enemies":"Transient","damage":5,"turns":4},{"floor":47,"enemies":"Giant Head","damage":0,"turns":3},{"floor":48,"enemies":"Maw","damage":0,"turns":3},{"floor":50,"enemies":"Donu and Deca","damage":35,"turns":4}],"potions_obtained":[{"key":"Strength Potion","floor":1},{"key":"Energy Potion","floor":16},{"key":"SteroidPotion","floor":18},{"key":"AttackPotion","floor":28},{"key":"FairyPotion","floor":30},{"key":"Regen Potion","floor":31},{"key":"DuplicationPotion","floor":33},{"key":"ColorlessPotion","floor":39},{"key":"SteroidPotion","floor":41}],"relics_obtained":[{"key":"Mummified Hand","floor":7},{"key":"Orichalcum","floor":9},{"key":"Regal Pillow","floor":14},{"key":"Whetstone","floor":23},{"key":"Bag of Preparation","floor":25},{"key":"Nunchaku","floor":26},{"key":"Bottled Tornado","floor":27},{"key":"Mango","floor":42},{"key":"Blood Vial","floor":43},{"key":"The Specimen","floor":44},{"key":"Blue Candle","floor":47}],"campfire_choices":[{"floor":6,"key":"SMITH","data":"Catalyst"},{"floor":8,"key":"SMITH","data":"Catalyst"},{"floor":15,"key":"SMITH","data":"Noxious Fumes"},{"floor":24,"key":"SMITH","data":"Night Terror"},{"floor":29,"key":"REST"},{"floor":32,"key":"REST"},{"floor":40,"key":"SMITH","data":"Footwork"},{"floor":49,"key":"REST"}],"circlet_count":0,"win_rate":0,"killed_by":null}