{"play_id":"123b3e45-5f1f-4e88-8024-3f652f25e869","build_version":"2020-01-27","seed_played":"7929560087623314701","chose_seed":false,"seed_source_timestamp":2152924173888,"is_daily":false,"special_seed":null,"is_trial":false,"is_endless":false,"is_ascension_mode":true,"ascension_level":9,"neow_bonus":"RANDOM_COLORLESS_2","neow_cost":"PERCENT_DAMAGE","is_beta":false,"is_prod":false,"victory":false,"floor_reached":7,"score":74,"timestamp":1700014950,"local_time":"11/15/2023 02:22:30","playtime":397,"player_experience":352788,"master_deck":["Strike_G","Strike_G","Strike_G","Strike_G","Strike_G","Defend_G","Defend_G","Defend_G","Defend_G","Defend_G","Survivor","Neutralize","Secret Technique+1","Blur","Noxious Fumes","Sucker Punch","Deadly Poison","Calculated Gamble"],"relics":["Ring of the Snake","Snake Skull"],"gold":87,"campfire_rested":0,"campfire_upgraded":0,"purchased_purges":0,"potions_floor_spawned":[1,5],"potions_floor_usage":[6,6],"current_hp_per_floor":[42,42,42,40,34,7,0],"max_hp_per_floor":[70,70,70,70,70,70,70],"gold_per_floor":[115,35,35,47,59,87,87],"path_per_floor":["M","$","?","M","M","E","?"],"path_taken":["M","$","?","M","M","E","?"],"items_purchased":["Noxious Fumes"],"item_purchase_floors":[2],"items_purged":[],"items_purged_floors":[],"character_chosen":"THE_SILENT","card_choices":[{"picked":"Secret Technique","not_picked":["Transmutation","Magnetism"],"floor":0},{"picked":"Blur","not_picked":["Setup","Dagger Throw"],"floor":1},{"picked":"Sucker Punch","not_picked":["Slice","Flechettes"],"floor":4},{"picked":"Deadly Poison","not_picked":["Dodge and Roll","All Out Attack"],"floor":5},{"picked":"Calculated Gamble","not_picked":["Setup","Acrobatics"],"floor":6}],"event_choices":[{"event_name":"Living Wall","player_choice":"Grow","floor":3,"cards_obtained":null,"cards_removed":null,"cards_transformed":null,"cards_upgraded":["Secret Technique"],"relics_obtained":null,"potions_obtained":null,"relics_lost":null,"damage_taken":0,"damage_healed":0,"max_hp_loss":0,"max_hp_gain":0,"gold_gain":0,"gold_loss":0}],"boss_relics":[],"damage_taken":[{"floor":1,"enemies":"Jaw Worm","damage":3,"turns":6},{"floor":4,"enemies":"Small Slimes","damage":2,"turns":4},{"floor":5,"enemies":"2 Louse","damage":6,"turns":3},{"floor":6,"enemies":"Gremlin Nob","damage":27,"turns":5}],"potions_obtained":[{"key":"PowerPotion","floor":1},{"key":"CunningPotion","floor":5}],"relics_obtained":[{"key":"Snake Skull","floor":6}],"campfire_choices":[],"circlet_count":0,"win_rate":0,"killed_by":null}