{"play_id":"e012eadf-6ad7-4448-b62c-aba3d15822af","build_version":"2020-01-27","seed_played":"-1416866735905527732","chose_seed":false,"seed_source_timestamp":366685073050,"is_daily":false,"special_seed":null,"is_trial":false,"is_endless":false,"is_ascension_mode":true,"ascension_level":10,"neow_bonus":"BOSS_RELIC","neow_cost":"NONE","is_beta":false,"is_prod":false,"victory":false,"floor_reached":6,"score":48,"timestamp":1701404398,"local_time":"12/01/2023 04:19:58","playtime":340,"player_experience":396376,"master_deck":["AscendersBane","Strike_G","Strike_G","Strike_G","Strike_G","Defend_G+1","Defend_G","Defend_G","Defend_G","Defend_G","Survivor+1","Neutralize","Caltrops","Wraith Form v2"],"relics":["Busted Crown"],"gold":36,"campfire_rested":0,"campfire_upgraded":0,"purchased_purges":1,"potions_floor_spawned":[1],"potions_floor_usage":[6],"current_hp_per_floor":[63,63,68,53,53,0],"max_hp_per_floor":[70,70,75,75,75,75],"gold_per_floor":[111,36,36,36,36,36],"path_per_floor":["M","$","?","?","?","E"],"path_taken":["M","$","?","?","?","E"],"items_purchased":[],"item_purchase_floors":[],"items_purged":["Strike_G"],"items_purged_floors":[2],"character_chosen":"THE_SILENT","card_choices":[{"picked":"Caltrops","not_picked":[],"floor":1}],"event_choices":[{"event_name":"Big Fish","player_choice":"Donut","floor":3,"cards_obtained":null,"cards_removed":null,"cards_transformed":null,"cards_upgraded":null,"relics_obtained":null,"potions_obtained":null,"relics_lost":null,"damage_taken":0,"damage_healed":0,"max_hp_loss":0,"max_hp_gain":5,"gold_gain":0,"gold_loss":0},{"event_name":"Shining Light","player_choice":"Entered Light","floor":4,"cards_obtained":null,"cards_removed":null,"cards_transformed":null,"cards_upgraded":["Survivor","Defend_G"],"relics_obtained":null,"potions_obtained":null,"relics_lost":null,"damage_taken":15,"damage_healed":0,"max_hp_loss":0,"max_hp_gain":0,"gold_gain":0,"gold_loss":0},{"event_name":"Match and Keep!","player_choice":"1 cards matched","floor":5,"cards_obtained":["Wraith Form v2"],"cards_removed":null,"cards_transformed":null,"cards_upgraded":null,"relics_obtained":null,"potions_obtained":null,"relics_lost":null,"damage_taken":0,"damage_healed":0,"max_hp_loss":0,"max_hp_gain":0,"gold_gain":0,"gold_loss":0}],"boss_relics":[],"damage_taken":[{"floor":1,"enemies":"Cultist","damage":0,"turns":5},{"floor":6,"enemies":"3 Sentries","damage":58,"turns":10}],"potions_obtained":[{"key":"GamblersBrew","floor":1}],"relics_obtained":[],"campfire_choices":[],"circlet_count":0,"win_rate":0,"killed_by":"3 Sentries"}