{"play_id":"e52e8765-9d6f-4586-9304-78d0556861a8","build_version":"2020-01-27","seed_played":"7397235172656207922","chose_seed":false,"seed_source_timestamp":338043348750,"is_daily":false,"special_seed":null,"is_trial":false,"is_endless":false,"is_ascension_mode":true,"ascension_level":10,"neow_bonus":"THREE_ENEMY_KILL","neow_cost":"NONE","is_beta":false,"is_prod":false,"victory":false,"floor_reached":50,"score":953,"timestamp":1701147141,"local_time":"11/28/2023 04:52:21","playtime":3226,"player_experience":386225,"master_deck":["AscendersBane","Strike_G","Strike_G","Strike_G","Strike_G","Strike_G","Defend_G","Defend_G","Defend_G","Defend_G","Defend_G+1","Survivor+1","Neutralize","Sucker Punch","Noxious Fumes+1","Calculated Gamble","Slice","Blade Dance","Doppelganger","Poisoned Stab","Caltrops","Flying Knee+1","Deadly Poison","Footwork+1","Footwork+1","PiercingWail+1","Envenom","Distraction+1","Writhe","Leg Sweep+1","Noxious Fumes+1","Distraction+1","Predator+1","Reflex+1","Blur+1","Endless Agony+1"],"relics":["Ring of the Serpent","NeowsBlessing","Shovel","FossilizedHelix","Darkstone Periapt","Meat on the Bone","Question Card","Dead Branch","Blood Vial","WristBlade","PreservedInsect","Mummified Hand","StrikeDummy","Dream Catcher","InkBottle","Regal Pillow","Strawberry","MawBank","War Paint","Ornamental Fan","Old Coin","Thread and Needle"],"gold":904,"campfire_rested":2,"campfire_upgraded":0,"purchased_purges":0,"potions_floor_spawned":[11,12,14,16,18,28,31,37,41,44,45,46],"potions_floor_usage":[14,14,16,30,33,44,45,48,50,50],"current_hp_per_floor":[63,63,63,63,60,60,49,49,49,49,43,18,18,30,30,28,60,57,63,63,63,65,47,40,40,40,34,48,48,40,42,76,22,63,65,82,82,82,82,89,55,55,55,49,51,33,47,28,69,0],"max_hp_per_floor":[70,70,70,70,70,70,70,70,70,70,70,70,70,70,70,70,70,70,76,76,76,76,76,76,76,76,76,76,76,76,76,76,76,76,76,82,82,82,82,89,89,89,89,89,89,89,89,89,89,89],"gold_per_floor":[119,119,49,62,62,62,137,137,137,153,173,204,184,197,197,296,296,315,315,315,1,15,44,64,16,43,71,89,89,124,142,142,242,242,256,256,270,270,270,270,303,315,398,425,448,814,852,880,892,904],"path_per_floor":["M","T","$","M","?","R","?","R","T","M","M","E","?","M","R","B",null,"M","?","?","$","M","E","M","$","T","E","M","?","E","M","R","B",null,"M","?","M","?","?","R","E","R","T","M","M","?","E","M","R","B"],"path_taken":["M","?","$","M","?","R","?","R","T","M","M","E","?","M","R","BOSS","M","?","?","$","?","E","M","$","T","E","M","?","E","?","R","BOSS","M","?","M","?","?","R","E","R","T","M","?","?","E","M","R","BOSS"],"items_purchased":["Noxious Fumes","Mummified Hand","Caltrops","Deadly Poison"],"item_purchase_floors":[3,21,21,25],"items_purged":[],"items_purged_floors":[],"character_chosen":"THE_SILENT","card_choices":[{"picked":"Sucker Punch","not_picked":["Outmaneuver","Acrobatics"],"floor":1},{"picked":"Calculated Gamble","not_picked":["Prepared","Expertise"],"floor":4},{"picked":"Slice","not_picked":["Concentrate","Outmaneuver","Reflex"],"floor":10},{"picked":"SKIP","not_picked":["Sucker Punch","Prepared","Dash","Outmaneuver"],"floor":11},{"picked":"SKIP","not_picked":["Well Laid Plans","Skewer","Sucker Punch","Eviscerate"],"floor":12},{"picked":"Blade Dance","not_picked":["Blur","Choke","Night Terror"],"floor":14},{"picked":"Doppelganger","not_picked":["Night Terror","Venomology","Burst"],"floor":16},{"picked":"Poisoned Stab","not_picked":["Deflect","Underhanded Strike","Quick Slash"],"floor":18},{"picked":"SKIP","not_picked":["Blade Dance","PiercingWail","Escape Plan","Deflect+1"],"floor":22},{"picked":"Flying Knee+1","not_picked":["Deflect","Quick Slash","Noxious Fumes"],"floor":23},{"picked":"SKIP","not_picked":["Bane+1","Calculated Gamble","Dodge and Roll+1","Escape Plan"],"floor":24},{"picked":"SKIP","not_picked":["Wraith Form v2","Night Terror","Bane+1","All Out Attack"],"floor":27},{"picked":"SKIP","not_picked":["Dagger Throw+1","Dodge and Roll","Prepared","Quick Slash"],"floor":28},{"picked":"Footwork+1","not_picked":["Backstab","Choke+1","Leg Sweep"],"floor":30},{"picked":"Footwork+1","not_picked":["Poisoned Stab","Heel Hook","Deflect+1"],"floor":31},{"picked":"PiercingWail+1","not_picked":["Heel Hook","Slice+1","Prepared+1"],"floor":32},{"picked":"Envenom","not_picked":["Glass Knife","Grand Finale","Wraith Form v2"],"floor":33},{"picked":"Distraction+1","not_picked":["Dagger Spray+1","Acrobatics","PiercingWail"],"floor":35},{"picked":"Leg Sweep+1","not_picked":["Acrobatics+1","Underhanded Strike+1","Flechettes"],"floor":37},{"picked":"Distraction+1","not_picked":["Endless Agony","Expertise+1","Bane"],"floor":41},{"picked":"SKIP","not_picked":["Slice","Dagger Spray+1","Dagger Throw+1","Underhanded Strike"],"floor":44},{"picked":"Predator+1","not_picked":["Dagger Spray+1","Dodge and Roll+1","Acrobatics+1"],"floor":45},{"picked":"Reflex+1","not_picked":["Bane+1","Tools of the Trade","Choke"],"floor":46},{"picked":"SKIP","not_picked":["Dash","Slice+1","Setup+1","Crippling Poison"],"floor":47},{"picked":"Blur+1","not_picked":["Dagger Throw","Infinite Blades+1","Deflect"],"floor":48},{"picked":"Endless Agony+1","not_picked":["Poisoned Stab","Backflip+1","Predator"],"floor":49}],"event_choices":[{"event_name":"Scrap Ooze","player_choice":"Success","floor":5,"cards_obtained":null,"cards_removed":null,"cards_transformed":null,"cards_upgraded":null,"relics_obtained":["FossilizedHelix"],"potions_obtained":null,"relics_lost":null,"damage_taken":3,"damage_healed":0,"max_hp_loss":0,"max_hp_gain":0,"gold_gain":0,"gold_loss":0},{"event_name":"World of Goop","player_choice":"Gather Gold","floor":7,"cards_obtained":null,"cards_removed":null,"cards_transformed":null,"cards_upgraded":null,"relics_obtained":null,"potions_obtained":null,"relics_lost":null,"damage_taken":11,"damage_healed":0,"max_hp_loss":0,"max_hp_gain":0,"gold_gain":75,"gold_loss":0},{"event_name":"The Woman in Blue","player_choice":"Bought 1 Potion","floor":13,"cards_obtained":null,"cards_removed":null,"cards_transformed":null,"cards_upgraded":null,"relics_obtained":null,"potions_obtained":null,"relics_lost":null,"damage_taken":0,"damage_healed":0,"max_hp_loss":0,"max_hp_gain":0,"gold_gain":0,"gold_loss":0},{"event_name":"The Mausoleum","player_choice":"Opened","floor":19,"cards_obtained":["Writhe"],"cards_removed":null,"cards_transformed":null,"cards_upgraded":null,"relics_obtained":["PreservedInsect"],"potions_obtained":null,"relics_lost":null,"damage_taken":0,"damage_healed":0,"max_hp_loss":0,"max_hp_gain":0,"gold_gain":0,"gold_loss":0},{"event_name":"Purifier","player_choice":"Purged","floor":20,"cards_obtained":null,"cards_removed":["Writhe"],"cards_transformed":null,"cards_upgraded":null,"relics_obtained":null,"potions_obtained":null,"relics_lost":null,"damage_taken":0,"damage_healed":0,"max_hp_loss":0,"max_hp_gain":0,"gold_gain":0,"gold_loss":0},{"event_name":"Upgrade Shrine","player_choice":"Upgraded","floor":29,"cards_obtained":null,"cards_removed":null,"cards_transformed":null,"cards_upgraded":["Noxious Fumes"],"relics_obtained":null,"potions_obtained":null,"relics_lost":null,"damage_taken":0,"damage_healed":0,"max_hp_loss":0,"max_hp_gain":0,"gold_gain":0,"gold_loss":0},{"event_name":"Winding Halls","player_choice":"Writhe","floor":36,"cards_obtained":["Writhe"],"cards_removed":null,"cards_transformed":null,"cards_upgraded":null,"relics_obtained":null,"potions_obtained":null,"relics_lost":null,"damage_taken":0,"damage_healed":19,"max_hp_loss":0,"max_hp_gain":0,"gold_gain":0,"gold_loss":0},{"event_name":"Tomb of Lord Red Mask","player_choice":"Ignored","floor":38,"cards_obtained":null,"cards_removed":null,"cards_transformed":null,"cards_upgraded":null,"relics_obtained":null,"potions_obtained":null,"relics_lost":null,"damage_taken":0,"damage_healed":0,"max_hp_loss":0,"max_hp_gain":0,"gold_gain":0,"gold_loss":0},{"event_name":"Duplicator","player_choice":"Copied","floor":39,"cards_obtained":["Noxious Fumes"],"cards_removed":null,"cards_transformed":null,"cards_upgraded":null,"relics_obtained":null,"potions_obtained":null,"relics_lost":null,"damage_taken":0,"damage_healed":0,"max_hp_loss":0,"max_hp_gain":0,"gold_gain":0,"gold_loss":0},{"event_name":"Mysterious Sphere","player_choice":"Fight","floor":46,"cards_obtained":null,"cards_removed":null,"cards_transformed":null,"cards_upgraded":null,"relics_obtained":null,"potions_obtained":null,"relics_lost":null,"damage_taken":0,"damage_healed":0,"max_hp_loss":0,"max_hp_gain":0,"gold_gain":0,"gold_loss":0}],"boss_relics":[{"picked":"WristBlade","not_picked":["Runic Pyramid","Calling Bell"]},{"picked":"Ring of the Serpent","not_picked":["Philosopher's Stone","HoveringKite"]}],"damage_taken":[{"floor":1,"enemies":"Cultist","damage":0,"turns":1},{"floor":4,"enemies":"2 Louse","damage":0,"turns":1},{"floor":10,"enemies":"Jaw Worm","damage":0,"turns":1},{"floor":11,"enemies":"2 Fungi Beasts","damage":6,"turns":5},{"floor":12,"enemies":"3 Sentries","damage":37,"turns":9},{"floor":14,"enemies":"Exordium Wildlife","damage":0,"turns":4},{"floor":16,"enemies":"Hexaghost","damage":16,"turns":9},{"floor":18,"enemies":"Chosen","damage":5,"turns":4},{"floor":22,"enemies":"2 Thieves","damage":0,"turns":2},{"floor":23,"enemies":"Book of Stabbing","damage":32,"turns":5},{"floor":24,"enemies":"Centurion and Healer","damage":21,"turns":6},{"floor":27,"enemies":"Gremlin Leader","damage":51,"turns":7},{"floor":28,"enemies":"3 Cultists","damage":0,"turns":5},{"floor":30,"enemies":"Slavers","damage":10,"turns":3},{"floor":31,"enemies":"Chosen and Byrds","damage":0,"turns":4},{"floor":33,"enemies":"Automaton","damage":66,"turns":7},{"floor":35,"enemies":"Orb Walker","damage":0,"turns":2},{"floor":37,"enemies":"3 Shapes","damage":0,"turns":5},{"floor":41,"enemies":"Reptomancer","damage":34,"turns":5},{"floor":44,"enemies":"Spire Growth","damage":8,"turns":4},{"floor":45,"enemies":"3 Darklings","damage":0,"turns":4},{"floor":46,"enemies":"2 Orb Walkers","damage":32,"turns":4},{"floor":47,"enemies":"Nemesis","damage":0,"turns":5},{"floor":48,"enemies":"4 Shapes","damage":33,"turns":8},{"floor":50,"enemies":"Time Eater","damage":75,"turns":9}],"potions_obtained":[{"key":"Dexterity Potion","floor":11},{"key":"Block Potion","floor":12},{"key":"FairyPotion","floor":13},{"key":"ColorlessPotion","floor":14},{"key":"CultistPotion","floor":16},{"key":"Ancient Potion","floor":18},{"key":"CunningPotion","floor":28},{"key":"FearPotion","floor":31},{"key":"Energy Potion","floor":37},{"key":"Strength Potion","floor":44},{"key":"Strength Potion","floor":45}],"relics_obtained":[{"key":"Shovel","floor":2},{"key":"Darkstone Periapt","floor":6},{"key":"Meat on the Bone","floor":8},{"key":"Question Card","floor":9},{"key":"Dead Branch","floor":12},{"key":"Blood Vial","floor":15},{"key":"StrikeDummy","floor":23},{"key":"Dream Catcher","floor":26},{"key":"InkBottle","floor":27},{"key":"Regal Pillow","floor":30},{"key":"Strawberry","floor":40},{"key":"MawBank","floor":41},{"key":"War Paint","floor":42},{"key":"Ornamental Fan","floor":43},{"key":"Old Coin","floor":46},{"key":"Thread and Needle","floor":47}],"campfire_choices":[{"floor":6,"key":"DIG"},{"floor":8,"key":"DIG"},{"floor":15,"key":"DIG"},{"floor":32,"key":"REST"},{"floor":40,"key":"DIG"},{"floor":42,"key":"DIG"},{"floor":49,"key":"REST"}],"circlet_count":0,"win_rate":0,"killed_by":"Time Eater"}