{"play_id":"81e8bc34-3dda-41e7-9985-ab4c04c8c834","build_version":"2020-01-27","seed_played":"9012677367295227501","chose_seed":false,"seed_source_timestamp":2032352338980,"is_daily":false,"special_seed":null,"is_trial":false,"is_endless":false,"is_ascension_mode":true,"ascension_level":10,"neow_bonus":"THREE_ENEMY_KILL","neow_cost":"NONE","is_beta":false,"is_prod":false,"victory":false,"floor_reached":29,"score":374,"timestamp":1701734466,"local_time":"12/05/2023 00:01:06","playtime":1218,"player_experience":408612,"master_deck":["AscendersBane","Strike_G","Strike_G","Strike_G","Strike_G","Defend_G","Defend_G","Defend_G","Survivor","Neutralize","Burst","Blade Dance+1","PiercingWail","Poisoned Stab+1","Noxious Fumes+1","Backflip","Burst","Prepared+1","Noxious Fumes","Deadly Poison","Poisoned Stab"],"relics":["Ring of the Snake","NeowsBlessing","Anchor","Snake Skull","Busted Crown","Sundial","Tough Bandages"],"gold":231,"campfire_rested":1,"campfire_upgraded":3,"purchased_purges":1,"potions_floor_spawned":[5,14,16,25,27,28],"potions_floor_usage":[6,16,21,21,27,27,28,29],"current_hp_per_floor":[63,63,63,63,63,14,8,29,29,29,20,20,15,15,15,2,53,53,53,53,52,52,52,18,5,5,2,2,0],"max_hp_per_floor":[70,70,70,70,70,70,70,70,70,70,70,70,70,70,70,70,70,70,70,70,70,70,70,70,70,70,70,70,70],"gold_per_floor":[116,116,134,13,25,57,25,25,25,25,45,45,57,67,67,167,167,182,281,251,238,163,163,194,210,210,221,231,231],"path_per_floor":["M","?","M","$","M","E","M","R","T","$","M","R","M","M","R","B",null,"M","?","?","M","?","R","E","M","T","M","M","E"],"path_taken":["M","?","?","?","M","E","M","R","T","$","M","R","M","M","R","BOSS","M","?","?","?","?","R","E","M","T","M","M","E"],"items_purchased":["Blade Dance"],"item_purchase_floors":[4],"items_purged":["Defend_G"],"items_purged_floors":[4],"character_chosen":"THE_SILENT","card_choices":[{"picked":"SKIP","not_picked":["Underhanded Strike","Deflect","Tactician"],"floor":1},{"picked":"SKIP","not_picked":["Acrobatics","Underhanded Strike","Dagger Spray"],"floor":3},{"picked":"PiercingWail","not_picked":["Deflect","Concentrate"],"floor":5},{"picked":"Poisoned Stab","not_picked":["Sucker Punch","Dagger Spray"],"floor":6},{"picked":"Noxious Fumes","not_picked":["Underhanded Strike","Backflip"],"floor":7},{"picked":"Backflip","not_picked":["Finisher","Flying Knee"],"floor":11},{"picked":"SKIP","not_picked":["Dash","Prepared","Slice"],"floor":13},{"picked":"SKIP","not_picked":["Calculated Gamble","Expertise","Dagger Throw"],"floor":14},{"picked":"Burst","not_picked":["After Image","Unload"],"floor":16},{"picked":"SKIP","not_picked":["Distraction"],"floor":18},{"picked":"Prepared+1","not_picked":[],"floor":21},{"picked":"Noxious Fumes","not_picked":[],"floor":24},{"picked":"Deadly Poison","not_picked":[],"floor":25},{"picked":"Poisoned Stab","not_picked":[],"floor":27},{"picked":"SKIP","not_picked":["Backstab"],"floor":28}],"event_choices":[{"event_name":"Transmorgrifier","player_choice":"Transformed","floor":2,"cards_obtained":["Burst"],"cards_removed":null,"cards_transformed":["Strike_G"],"cards_upgraded":null,"relics_obtained":null,"potions_obtained":null,"relics_lost":null,"damage_taken":0,"damage_healed":0,"max_hp_loss":0,"max_hp_gain":0,"gold_gain":0,"gold_loss":0},{"event_name":"Nest","player_choice":"Stole From Cult","floor":19,"cards_obtained":null,"cards_removed":null,"cards_transformed":null,"cards_upgraded":null,"relics_obtained":null,"potions_obtained":null,"relics_lost":null,"damage_taken":0,"damage_healed":0,"max_hp_loss":0,"max_hp_gain":0,"gold_gain":99,"gold_loss":0},{"event_name":"The Woman in Blue","player_choice":"Bought 2 Potions","floor":20,"cards_obtained":null,"cards_removed":null,"cards_transformed":null,"cards_upgraded":null,"relics_obtained":null,"potions_obtained":null,"relics_lost":null,"damage_taken":0,"damage_healed":0,"max_hp_loss":0,"max_hp_gain":0,"gold_gain":0,"gold_loss":0},{"event_name":"Beggar","player_choice":"Gave Gold","floor":22,"cards_obtained":null,"cards_removed":["Defend_G"],"cards_transformed":null,"cards_upgraded":null,"relics_obtained":null,"potions_obtained":null,"relics_lost":null,"damage_taken":0,"damage_healed":0,"max_hp_loss":0,"max_hp_gain":0,"gold_gain":0,"gold_loss":75}],"boss_relics":[{"picked":"Busted Crown","not_picked":["SacredBark","Runic Pyramid"]}],"damage_taken":[{"floor":1,"enemies":"Small Slimes","damage":0,"turns":1},{"floor":3,"enemies":"Cultist","damage":0,"turns":1},{"floor":5,"enemies":"Jaw Worm","damage":0,"turns":1},{"floor":6,"enemies":"Lagavulin","damage":49,"turns":7},{"floor":7,"enemies":"Exordium Thugs","damage":6,"turns":5},{"floor":11,"enemies":"Large Slime","damage":9,"turns":6},{"floor":13,"enemies":"Gremlin Gang","damage":5,"turns":4},{"floor":14,"enemies":"Red Slaver","damage":0,"turns":4},{"floor":16,"enemies":"Slime Boss","damage":13,"turns":9},{"floor":18,"enemies":"Chosen","damage":0,"turns":4},{"floor":21,"enemies":"2 Thieves","damage":1,"turns":4},{"floor":24,"enemies":"Slavers","damage":34,"turns":7},{"floor":25,"enemies":"Sentry and Sphere","damage":13,"turns":5},{"floor":27,"enemies":"Snake Plant","damage":3,"turns":4},{"floor":28,"enemies":"Centurion and Healer","damage":0,"turns":5},{"floor":29,"enemies":"Book of Stabbing","damage":7,"turns":2}],"potions_obtained":[{"key":"SkillPotion","floor":5},{"key":"GhostInAJar","floor":14},{"key":"ColorlessPotion","floor":16},{"key":"FearPotion","floor":20},{"key":"ColorlessPotion","floor":20},{"key":"Weak Potion","floor":25},{"key":"Dexterity Potion","floor":27},{"key":"Swift Potion","floor":28}],"relics_obtained":[{"key":"Anchor","floor":6},{"key":"Snake Skull","floor":9},{"key":"Sundial","floor":24},{"key":"Tough Bandages","floor":26}],"campfire_choices":[{"floor":8,"key":"REST"},{"floor":12,"key":"SMITH","data":"Noxious Fumes"},{"floor":15,"key":"SMITH","data":"Poisoned Stab"},{"floor":23,"key":"SMITH","data":"Blade Dance"}],"circlet_count":0,"win_rate":0,"killed_by":"Book of Stabbing"}