{"play_id":"7d2a04a4-ab67-4ddf-aeaf-8928aeb2dca0","build_version":"2020-01-27","seed_played":"-5789456062631599624","chose_seed":false,"seed_source_timestamp":0,"is_daily":false,"special_seed":0,"is_trial":false,"is_endless":false,"is_ascension_mode":true,"ascension_level":10,"neow_bonus":"TRANSFORM_CARD","neow_cost":"NONE","is_beta":false,"is_prod":false,"victory":false,"floor_reached":10,"score":111,"timestamp":1701582417,"local_time":"12/03/2023 05:46:57","playtime":504,"player_experience":405296,"master_deck":["AscendersBane","Strike_G","Strike_G","Strike_G","Defend_G","Defend_G","Defend_G","Defend_G","Survivor","Neutralize","Phantasmal Killer+1","Deadly Poison","Riddle With Holes","Deadly Poison","Leg Sweep"],"relics":["Ring of the Snake","Boot","Omamori","Snake Skull"],"gold":151,"campfire_rested":0,"campfire_upgraded":1,"purchased_purges":0,"potions_floor_spawned":[2],"potions_floor_usage":[6,6,6,10],"current_hp_per_floor":[61,60,65,65,65,30,30,10,10,0],"max_hp_per_floor":[70,70,75,75,75,75,75,75,75,75],"gold_per_floor":[112,123,123,123,73,98,98,125,151,151],"path_per_floor":["M","M","?","?","?","E","R","E","T","E"],"path_taken":["M","M","?","?","?","E","R","E","T","E"],"items_purchased":[],"item_purchase_floors":[],"items_purged":[],"items_purged_floors":[],"character_chosen":"THE_SILENT","card_choices":[{"picked":"Deadly Poison","not_picked":["Dagger Throw","Sucker Punch"],"floor":1},{"picked":"Riddle With Holes","not_picked":["Outmaneuver","Backflip"],"floor":2},{"picked":"Deadly Poison","not_picked":["Finisher","Outmaneuver"],"floor":6},{"picked":"Leg Sweep","not_picked":["Heel Hook","Acrobatics"],"floor":8}],"event_choices":[{"event_name":"Big Fish","player_choice":"Donut","floor":3,"cards_obtained":null,"cards_removed":null,"cards_transformed":null,"cards_upgraded":null,"relics_obtained":null,"potions_obtained":null,"relics_lost":null,"damage_taken":0,"damage_healed":0,"max_hp_loss":0,"max_hp_gain":5,"gold_gain":0,"gold_loss":0},{"event_name":"Living Wall","player_choice":"Forget","floor":4,"cards_obtained":null,"cards_removed":["Strike_G"],"cards_transformed":null,"cards_upgraded":null,"relics_obtained":null,"potions_obtained":null,"relics_lost":null,"damage_taken":0,"damage_healed":0,"max_hp_loss":0,"max_hp_gain":0,"gold_gain":0,"gold_loss":0},{"event_name":"The Cleric","player_choice":"Card Removal","floor":5,"cards_obtained":null,"cards_removed":["Defend_G"],"cards_transformed":null,"cards_upgraded":null,"relics_obtained":null,"potions_obtained":null,"relics_lost":null,"damage_taken":0,"damage_healed":0,"max_hp_loss":0,"max_hp_gain":0,"gold_gain":0,"gold_loss":50}],"boss_relics":[],"damage_taken":[{"floor":1,"enemies":"Cultist","damage":2,"turns":5},{"floor":2,"enemies":"Jaw Worm","damage":1,"turns":4},{"floor":6,"enemies":"3 Sentries","damage":35,"turns":12},{"floor":8,"enemies":"Gremlin Nob","damage":20,"turns":4},{"floor":10,"enemies":"Lagavulin","damage":12,"turns":7}],"potions_obtained":[{"key":"EntropicBrew","floor":2}],"relics_obtained":[{"key":"Boot","floor":6},{"key":"Omamori","floor":8},{"key":"Snake Skull","floor":9}],"campfire_choices":[{"floor":7,"key":"SMITH","data":"Phantasmal Killer"}],"circlet_count":0,"win_rate":0,"killed_by":"Lagavulin"}