{"play_id":"d6d41732-e846-42dd-92f6-db4987cf46bd","build_version":"2020-01-27","seed_played":"5085904143462534370","chose_seed":false,"seed_source_timestamp":0,"is_daily":false,"special_seed":0,"is_trial":false,"is_endless":false,"is_ascension_mode":true,"ascension_level":10,"neow_bonus":"TEN_PERCENT_HP_BONUS","neow_cost":"NONE","is_beta":false,"is_prod":false,"victory":false,"floor_reached":8,"score":69,"timestamp":1701664383,"local_time":"12/04/2023 04:33:03","playtime":274,"player_experience":407580,"master_deck":["AscendersBane","Strike_G","Strike_G","Strike_G","Strike_G","Defend_G","Defend_G","Defend_G","Defend_G","Defend_G","Survivor","Neutralize","Blade Dance+1"],"relics":["Ring of the Snake","InkBottle"],"gold":175,"campfire_rested":0,"campfire_upgraded":1,"purchased_purges":0,"potions_floor_spawned":[3,4],"potions_floor_usage":[8,8],"current_hp_per_floor":[57,45,45,37,26,26,26,0],"max_hp_per_floor":[77,77,77,77,77,77,77,77],"gold_per_floor":[119,119,137,150,225,175,175,175],"path_per_floor":["M","?","M","M","?","?","R","E"],"path_taken":["M","?","M","M","?","?","R","E"],"items_purchased":[],"item_purchase_floors":[],"items_purged":[],"items_purged_floors":[],"character_chosen":"THE_SILENT","card_choices":[{"picked":"SKIP","not_picked":["Backflip","Acrobatics","Expertise"],"floor":1},{"picked":"Blade Dance","not_picked":["Backflip","Quick Slash"],"floor":3},{"picked":"SKIP","not_picked":["Outmaneuver","Acrobatics","Bane"],"floor":4}],"event_choices":[{"event_name":"Scrap Ooze","player_choice":"Success","floor":2,"cards_obtained":null,"cards_removed":null,"cards_transformed":null,"cards_upgraded":null,"relics_obtained":["InkBottle"],"potions_obtained":null,"relics_lost":null,"damage_taken":12,"damage_healed":0,"max_hp_loss":0,"max_hp_gain":0,"gold_gain":0,"gold_loss":0},{"event_name":"World of Goop","player_choice":"Gather Gold","floor":5,"cards_obtained":null,"cards_removed":null,"cards_transformed":null,"cards_upgraded":null,"relics_obtained":null,"potions_obtained":null,"relics_lost":null,"damage_taken":11,"damage_healed":0,"max_hp_loss":0,"max_hp_gain":0,"gold_gain":75,"gold_loss":0},{"event_name":"The Cleric","player_choice":"Card Removal","floor":6,"cards_obtained":null,"cards_removed":["Strike_G"],"cards_transformed":null,"cards_upgraded":null,"relics_obtained":null,"potions_obtained":null,"relics_lost":null,"damage_taken":0,"damage_healed":0,"max_hp_loss":0,"max_hp_gain":0,"gold_gain":0,"gold_loss":50}],"boss_relics":[],"damage_taken":[{"floor":1,"enemies":"Jaw Worm","damage":13,"turns":4},{"floor":3,"enemies":"Small Slimes","damage":0,"turns":5},{"floor":4,"enemies":"2 Louse","damage":8,"turns":2},{"floor":8,"enemies":"Lagavulin","damage":28,"turns":5}],"potions_obtained":[{"key":"Weak Potion","floor":3},{"key":"DuplicationPotion","floor":4}],"relics_obtained":[],"campfire_choices":[{"floor":7,"key":"SMITH","data":"Blade Dance"}],"circlet_count":0,"win_rate":0,"killed_by":"Lagavulin"}