{"play_id":"32590232-6cbe-4e3e-a47a-ee852d136b09","build_version":"2020-01-27","seed_played":"6174999629421473537","chose_seed":false,"seed_source_timestamp":588319927891,"is_daily":false,"special_seed":null,"is_trial":false,"is_endless":false,"is_ascension_mode":true,"ascension_level":10,"neow_bonus":"THREE_ENEMY_KILL","neow_cost":"NONE","is_beta":false,"is_prod":false,"victory":false,"floor_reached":10,"score":114,"timestamp":1701441986,"local_time":"12/01/2023 14:46:26","playtime":434,"player_experience":397643,"master_deck":["AscendersBane","Strike_G","Strike_G","Strike_G","Strike_G","Defend_G","Defend_G","Defend_G","Defend_G","Defend_G","Survivor","Neutralize","Flying Knee","Crippling Poison","Poisoned Stab","Backstab","Terror+1","Backflip"],"relics":["Ring of the Snake","NeowsBlessing","Golden Idol","Calipers","MealTicket","Sundial"],"gold":212,"campfire_rested":0,"campfire_upgraded":1,"purchased_purges":1,"potions_floor_spawned":[1,6],"potions_floor_usage":[6,8],"current_hp_per_floor":[63,63,63,63,63,38,38,31,31,0],"max_hp_per_floor":[70,70,70,65,65,65,65,65,65,65],"gold_per_floor":[112,126,2,2,26,69,69,102,182,212],"path_per_floor":["M","M","$","?","M","E","R","E","T","?"],"path_taken":["M","M","$","?","M","E","R","E","T","?"],"items_purchased":["Poisoned Stab"],"item_purchase_floors":[3],"items_purged":["Strike_G"],"items_purged_floors":[3],"character_chosen":"THE_SILENT","card_choices":[{"picked":"Flying Knee","not_picked":["Prepared","Slice"],"floor":1},{"picked":"Crippling Poison","not_picked":["Acrobatics","After Image"],"floor":2},{"picked":"Backstab","not_picked":["Prepared","Dagger Spray"],"floor":5},{"picked":"Terror","not_picked":["Slice","Dagger Spray"],"floor":6},{"picked":"Backflip","not_picked":["Blade Dance","Underhanded Strike"],"floor":8}],"event_choices":[{"event_name":"Golden Idol","player_choice":"Lose Max HP","floor":4,"cards_obtained":null,"cards_removed":null,"cards_transformed":null,"cards_upgraded":null,"relics_obtained":["Golden Idol"],"potions_obtained":null,"relics_lost":null,"damage_taken":0,"damage_healed":0,"max_hp_loss":5,"max_hp_gain":0,"gold_gain":0,"gold_loss":0},{"event_name":"Dead Adventurer","player_choice":"Searched '2' times","floor":10,"cards_obtained":null,"cards_removed":null,"cards_transformed":null,"cards_upgraded":null,"relics_obtained":null,"potions_obtained":null,"relics_lost":null,"damage_taken":0,"damage_healed":0,"max_hp_loss":0,"max_hp_gain":0,"gold_gain":30,"gold_loss":0}],"boss_relics":[],"damage_taken":[{"floor":1,"enemies":"Jaw Worm","damage":0,"turns":1},{"floor":2,"enemies":"Small Slimes","damage":0,"turns":1},{"floor":5,"enemies":"2 Louse","damage":0,"turns":1},{"floor":6,"enemies":"3 Sentries","damage":25,"turns":11},{"floor":8,"enemies":"Lagavulin","damage":7,"turns":5},{"floor":10,"enemies":"Lagavulin Event","damage":35,"turns":5}],"potions_obtained":[{"key":"Swift Potion","floor":1},{"key":"SkillPotion","floor":6}],"relics_obtained":[{"key":"Calipers","floor":6},{"key":"MealTicket","floor":8},{"key":"Sundial","floor":9}],"campfire_choices":[{"floor":7,"key":"SMITH","data":"Terror"}],"circlet_count":0,"win_rate":0,"killed_by":"Lagavulin Event"}