{"play_id":"123a610c-268c-4e0b-a302-36659bb78369","build_version":"2020-01-27","seed_played":"8373400222881201783","chose_seed":false,"seed_source_timestamp":1121912779623,"is_daily":false,"special_seed":null,"is_trial":false,"is_endless":false,"is_ascension_mode":true,"ascension_level":10,"neow_bonus":"BOSS_RELIC","neow_cost":"NONE","is_beta":false,"is_prod":false,"victory":false,"floor_reached":24,"score":315,"timestamp":1701567209,"local_time":"12/03/2023 01:33:29","playtime":1041,"player_experience":402317,"master_deck":["AscendersBane","Strike_G","Strike_G","Defend_G","Defend_G","Defend_G","Defend_G","Survivor","Neutralize","Flying Knee","Backflip","Deadly Poison+1","Predator+1","Blade Dance","Footwork","Leg Sweep","Burst","Noxious Fumes+1","Deadly Poison+1","Malaise+1","PiercingWail","Caltrops","Blur"],"relics":["Sozu","Toy Ornithopter","Lantern","Omamori","Nunchaku","Tiny House","Red Mask"],"gold":104,"campfire_rested":0,"campfire_upgraded":4,"purchased_purges":2,"potions_floor_spawned":[2,5,14,16,22],"potions_floor_usage":[],"current_hp_per_floor":[58,54,54,54,52,52,19,15,15,38,38,30,30,20,20,6,59,52,52,52,75,42,42,0],"max_hp_per_floor":[70,70,70,70,70,70,70,70,70,70,70,70,70,70,70,70,75,75,75,75,75,75,75,75],"gold_per_floor":[111,125,42,42,57,57,84,95,120,120,120,154,12,42,42,139,189,205,205,71,71,104,104,104],"path_per_floor":["M","M","$","?","M","R","E","M","T","?","R","E","$","E","R","B",null,"M","?","$","?","?","R","E"],"path_taken":["M","?","$","?","M","R","E","M","T","?","R","E","$","E","R","BOSS","M","?","$","?","?","R","E"],"items_purchased":["Deadly Poison","Predator","Noxious Fumes","Caltrops"],"item_purchase_floors":[3,3,13,20],"items_purged":["Defend_G","Strike_G"],"items_purged_floors":[13,20],"character_chosen":"THE_SILENT","card_choices":[{"picked":"Flying Knee","not_picked":["Underhanded Strike","Dagger Throw"],"floor":1},{"picked":"Backflip","not_picked":["Prepared","Dodge and Roll"],"floor":2},{"picked":"Footwork","not_picked":["Flechettes","Prepared"],"floor":5},{"picked":"Leg Sweep","not_picked":["Heel Hook","All Out Attack"],"floor":7},{"picked":"SKIP","not_picked":["Caltrops","Leg Sweep","Backflip"],"floor":8},{"picked":"Burst","not_picked":["Outmaneuver","Dash"],"floor":12},{"picked":"Deadly Poison","not_picked":["All Out Attack","Blade Dance"],"floor":14},{"picked":"Malaise","not_picked":["After Image","Glass Knife"],"floor":16},{"picked":"PiercingWail","not_picked":["Setup","Blade Dance"],"floor":17},{"picked":"SKIP","not_picked":["Tactician","Outmaneuver","Backflip"],"floor":18},{"picked":"Blur","not_picked":["Backflip","Dagger Throw+1"],"floor":22}],"event_choices":[{"event_name":"Living Wall","player_choice":"Change","floor":4,"cards_obtained":["Blade Dance"],"cards_removed":null,"cards_transformed":["Strike_G"],"cards_upgraded":null,"relics_obtained":null,"potions_obtained":null,"relics_lost":null,"damage_taken":0,"damage_healed":0,"max_hp_loss":0,"max_hp_gain":0,"gold_gain":0,"gold_loss":0},{"event_name":"Big Fish","player_choice":"Banana","floor":10,"cards_obtained":null,"cards_removed":null,"cards_transformed":null,"cards_upgraded":null,"relics_obtained":null,"potions_obtained":null,"relics_lost":null,"damage_taken":0,"damage_healed":23,"max_hp_loss":0,"max_hp_gain":0,"gold_gain":0,"gold_loss":0},{"event_name":"Back to Basics","player_choice":"Elegance","floor":19,"cards_obtained":null,"cards_removed":["Strike_G"],"cards_transformed":null,"cards_upgraded":null,"relics_obtained":null,"potions_obtained":null,"relics_lost":null,"damage_taken":0,"damage_healed":0,"max_hp_loss":0,"max_hp_gain":0,"gold_gain":0,"gold_loss":0},{"event_name":"The Library","player_choice":"Heal","floor":21,"cards_obtained":null,"cards_removed":null,"cards_transformed":null,"cards_upgraded":null,"relics_obtained":null,"potions_obtained":null,"relics_lost":null,"damage_taken":0,"damage_healed":25,"max_hp_loss":0,"max_hp_gain":0,"gold_gain":0,"gold_loss":0},{"event_name":"Masked Bandits","player_choice":"Fought Bandits","floor":22,"cards_obtained":null,"cards_removed":null,"cards_transformed":null,"cards_upgraded":null,"relics_obtained":null,"potions_obtained":null,"relics_lost":null,"damage_taken":0,"damage_healed":0,"max_hp_loss":0,"max_hp_gain":0,"gold_gain":0,"gold_loss":0}],"boss_relics":[{"picked":"Tiny House","not_picked":["Coffee Dripper","Fusion Hammer"]}],"damage_taken":[{"floor":1,"enemies":"Cultist","damage":5,"turns":4},{"floor":2,"enemies":"Jaw Worm","damage":4,"turns":4},{"floor":5,"enemies":"Small Slimes","damage":2,"turns":3},{"floor":7,"enemies":"Lagavulin","damage":33,"turns":6},{"floor":8,"enemies":"Blue Slaver","damage":4,"turns":4},{"floor":12,"enemies":"3 Sentries","damage":8,"turns":8},{"floor":14,"enemies":"Lagavulin","damage":10,"turns":6},{"floor":16,"enemies":"Hexaghost","damage":14,"turns":9},{"floor":18,"enemies":"Shell Parasite","damage":7,"turns":5},{"floor":22,"enemies":"Masked Bandits","damage":33,"turns":6},{"floor":24,"enemies":"Slavers","damage":42,"turns":3}],"potions_obtained":[],"relics_obtained":[{"key":"Toy Ornithopter","floor":7},{"key":"Lantern","floor":9},{"key":"Omamori","floor":12},{"key":"Nunchaku","floor":14},{"key":"Red Mask","floor":22}],"campfire_choices":[{"floor":6,"key":"SMITH","data":"Deadly Poison"},{"floor":11,"key":"SMITH","data":"Predator"},{"floor":15,"key":"SMITH","data":"Noxious Fumes"},{"floor":23,"key":"SMITH","data":"Deadly Poison"}],"circlet_count":0,"win_rate":0,"killed_by":"Slavers"}