{"play_id":"07220617-f290-4fde-b4f6-5f02c3c36812","build_version":"2020-01-27","seed_played":"4861442391785626059","chose_seed":false,"seed_source_timestamp":0,"is_daily":false,"special_seed":0,"is_trial":false,"is_endless":false,"is_ascension_mode":true,"ascension_level":10,"neow_bonus":"RANDOM_COLORLESS_2","neow_cost":"PERCENT_DAMAGE","is_beta":false,"is_prod":false,"victory":false,"floor_reached":16,"score":153,"timestamp":1701100114,"local_time":"11/27/2023 15:48:34","playtime":617,"player_experience":383328,"master_deck":["AscendersBane","Strike_G","Strike_G","Strike_G","Strike_G","Defend_G","Defend_G","Defend_G","Survivor","Neutralize","Metamorphosis+1","Deadly Poison","Backflip","PiercingWail","After Image"],"relics":["Ring of the Snake","Orichalcum","Pen Nib","Mummified Hand"],"gold":29,"campfire_rested":1,"campfire_upgraded":1,"purchased_purges":2,"potions_floor_spawned":[1,7,13],"potions_floor_usage":[10,16],"current_hp_per_floor":[42,31,31,31,30,13,4,4,4,4,4,25,23,16,16,0],"max_hp_per_floor":[70,70,70,70,70,70,70,70,70,70,70,70,70,70,70,70],"gold_per_floor":[114,133,58,58,78,103,114,14,14,0,11,11,29,29,29,29],"path_per_floor":["M","M","$","?","M","E","M","$","T","M","M","R","M","?","R","B"],"path_taken":["M","M","$","?","M","E","?","$","T","M","M","R","M","?","R","BOSS"],"items_purchased":[],"item_purchase_floors":[],"items_purged":["Defend_G","Strike_G"],"items_purged_floors":[3,8],"character_chosen":"THE_SILENT","card_choices":[{"picked":"Metamorphosis","not_picked":["Magnetism","Master of Strategy"],"floor":0},{"picked":"Deadly Poison","not_picked":["Riddle With Holes","Dash"],"floor":1},{"picked":"Backflip","not_picked":["Dagger Spray","Acrobatics"],"floor":2},{"picked":"SKIP","not_picked":["Deflect","Dodge and Roll","Poisoned Stab"],"floor":5},{"picked":"SKIP","not_picked":["Dagger Throw","Skewer","Dagger Spray"],"floor":6},{"picked":"PiercingWail","not_picked":["Underhanded Strike","Prepared"],"floor":7},{"picked":"SKIP","not_picked":["Flying Knee","Riddle With Holes","Dodge and Roll"],"floor":10},{"picked":"SKIP","not_picked":["Deflect","Blade Dance","Dagger Spray"],"floor":11},{"picked":"After Image","not_picked":["Quick Slash","All Out Attack"],"floor":13}],"event_choices":[{"event_name":"Bonfire Elementals","player_choice":"Offered Basic","floor":4,"cards_obtained":null,"cards_removed":["Defend_G"],"cards_transformed":null,"cards_upgraded":null,"relics_obtained":null,"potions_obtained":null,"relics_lost":null,"damage_taken":0,"damage_healed":0,"max_hp_loss":0,"max_hp_gain":0,"gold_gain":0,"gold_loss":0},{"event_name":"Scrap Ooze","player_choice":"Success","floor":14,"cards_obtained":null,"cards_removed":null,"cards_transformed":null,"cards_upgraded":null,"relics_obtained":["Mummified Hand"],"potions_obtained":null,"relics_lost":null,"damage_taken":7,"damage_healed":0,"max_hp_loss":0,"max_hp_gain":0,"gold_gain":0,"gold_loss":0}],"boss_relics":[],"damage_taken":[{"floor":1,"enemies":"Cultist","damage":3,"turns":4},{"floor":2,"enemies":"Jaw Worm","damage":11,"turns":3},{"floor":5,"enemies":"2 Louse","damage":1,"turns":3},{"floor":6,"enemies":"Lagavulin","damage":17,"turns":6},{"floor":7,"enemies":"Exordium Wildlife","damage":9,"turns":3},{"floor":10,"enemies":"Looter","damage":0,"turns":4},{"floor":11,"enemies":"2 Fungi Beasts","damage":0,"turns":3},{"floor":13,"enemies":"Red Slaver","damage":2,"turns":4},{"floor":16,"enemies":"Hexaghost","damage":18,"turns":9}],"potions_obtained":[{"key":"EssenceOfSteel","floor":1},{"key":"Weak Potion","floor":7},{"key":"SkillPotion","floor":13}],"relics_obtained":[{"key":"Orichalcum","floor":6},{"key":"Pen Nib","floor":9}],"campfire_choices":[{"floor":12,"key":"REST"},{"floor":15,"key":"SMITH","data":"Metamorphosis"}],"circlet_count":0,"win_rate":0,"killed_by":"Hexaghost"}