{"play_id":"9e771f2a-b948-4ad9-96fe-3c5182b427a5","build_version":"2020-01-27","seed_played":"3617347584899096784","chose_seed":false,"seed_source_timestamp":0,"is_daily":false,"special_seed":0,"is_trial":false,"is_endless":false,"is_ascension_mode":true,"ascension_level":10,"neow_bonus":"THREE_ENEMY_KILL","neow_cost":"NONE","is_beta":false,"is_prod":false,"victory":false,"floor_reached":31,"score":465,"timestamp":1701052021,"local_time":"11/27/2023 02:27:01","playtime":1318,"player_experience":382010,"master_deck":["AscendersBane","Strike_G","Strike_G","Strike_G+1","Strike_G","Defend_G+1","Defend_G+1","Defend_G","Defend_G","Defend_G","Survivor","Neutralize","Terror+1","Slice","Glass Knife+1","Blade Dance+1","Slice","Flying Knee","Blade Dance","Parasite","Bouncing Flask","Dash+1","Phantasmal Killer+1","Footwork+1","Finisher+1","Corpse Explosion"],"relics":["Ring of the Snake","NeowsBlessing","Kunai","MealTicket","War Paint","WristBlade","Snake Skull","Strawberry","White Beast Statue","Prayer Wheel"],"gold":98,"campfire_rested":0,"campfire_upgraded":4,"purchased_purges":1,"potions_floor_spawned":[1,3,5,18,27,29,30],"potions_floor_usage":[30],"current_hp_per_floor":[63,63,63,68,68,33,33,32,32,32,32,50,65,50,50,20,61,61,75,75,63,43,43,38,38,38,23,38,25,5,0],"max_hp_per_floor":[70,70,70,75,75,75,75,75,75,75,75,75,75,75,75,75,75,75,75,75,75,75,75,82,82,82,82,82,82,82,82],"gold_per_floor":[115,115,126,126,143,177,190,209,233,262,262,262,46,46,46,150,150,166,14,14,33,50,50,81,81,81,97,46,66,98,98],"path_per_floor":["M","?","M","?","M","E","M","M","T","E","R","?","$","?","R","B","ul","M","$","?","M","M","R","E","R","T","M","$","M","E","M"],"path_taken":["M","?","?","?","M","E","M","M","T","E","R","?","$","?","R","BOSS","M","$","?","M","M","R","E","R","T","M","$","M","E","M"],"items_purchased":["Bouncing Flask","Dash","Snake Skull","Poison Potion"],"item_purchase_floors":[13,13,19,28],"items_purged":["Strike_G"],"items_purged_floors":[13],"character_chosen":"THE_SILENT","card_choices":[{"picked":"Terror","not_picked":["Acrobatics","Blade Dance"],"floor":1},{"picked":"Slice","not_picked":["Backflip","Dodge and Roll"],"floor":3},{"picked":"Glass Knife","not_picked":["Acrobatics","Backflip"],"floor":5},{"picked":"Blade Dance","not_picked":["Reflex","Backstab"],"floor":6},{"picked":"Slice","not_picked":["Reflex","Expertise"],"floor":7},{"picked":"Flying Knee","not_picked":["Underhanded Strike","Quick Slash"],"floor":8},{"picked":"Blade Dance","not_picked":["Tools of the Trade","Masterful Stab"],"floor":10},{"picked":"Phantasmal Killer","not_picked":["Envenom","Doppelganger"],"floor":16},{"picked":"SKIP","not_picked":["PiercingWail+1","All Out Attack+1","Dagger Throw+1"],"floor":18},{"picked":"SKIP","not_picked":["Acrobatics","Dagger Throw+1","Slice"],"floor":21},{"picked":"Footwork","not_picked":["Choke","Quick Slash"],"floor":22},{"picked":"SKIP","not_picked":["Poisoned Stab","All Out Attack+1","Dagger Throw"],"floor":24},{"picked":"SKIP","not_picked":["Prepared","Concentrate+1","Poisoned Stab"],"floor":27},{"picked":"SKIP","not_picked":["Bane","Finisher+1","Flying Knee+1"],"floor":29},{"picked":"Finisher+1","not_picked":["Bane","Flying Knee+1"],"floor":29},{"picked":"Corpse Explosion","not_picked":["Doppelganger","Dagger Throw"],"floor":30}],"event_choices":[{"event_name":"Upgrade Shrine","player_choice":"Upgraded","floor":2,"cards_obtained":null,"cards_removed":null,"cards_transformed":null,"cards_upgraded":["Terror"],"relics_obtained":null,"potions_obtained":null,"relics_lost":null,"damage_taken":0,"damage_healed":0,"max_hp_loss":0,"max_hp_gain":0,"gold_gain":0,"gold_loss":0},{"event_name":"Big Fish","player_choice":"Donut","floor":4,"cards_obtained":null,"cards_removed":null,"cards_transformed":null,"cards_upgraded":null,"relics_obtained":null,"potions_obtained":null,"relics_lost":null,"damage_taken":0,"damage_healed":0,"max_hp_loss":0,"max_hp_gain":5,"gold_gain":0,"gold_loss":0},{"event_name":"Mushrooms","player_choice":"Healed and dodged fight","floor":12,"cards_obtained":["Parasite"],"cards_removed":null,"cards_transformed":null,"cards_upgraded":null,"relics_obtained":null,"potions_obtained":null,"relics_lost":null,"damage_taken":0,"damage_healed":18,"max_hp_loss":0,"max_hp_gain":0,"gold_gain":0,"gold_loss":0},{"event_name":"Shining Light","player_choice":"Entered Light","floor":14,"cards_obtained":null,"cards_removed":null,"cards_transformed":null,"cards_upgraded":["Strike_G","Defend_G"],"relics_obtained":null,"potions_obtained":null,"relics_lost":null,"damage_taken":15,"damage_healed":0,"max_hp_loss":0,"max_hp_gain":0,"gold_gain":0,"gold_loss":0},{"event_name":"Cursed Tome","player_choice":"Ignored","floor":20,"cards_obtained":null,"cards_removed":null,"cards_transformed":null,"cards_upgraded":null,"relics_obtained":null,"potions_obtained":null,"relics_lost":null,"damage_taken":0,"damage_healed":0,"max_hp_loss":0,"max_hp_gain":0,"gold_gain":0,"gold_loss":0}],"boss_relics":[{"picked":"WristBlade","not_picked":["Runic Dome","Philosopher's Stone"]}],"damage_taken":[{"floor":1,"enemies":"Small Slimes","damage":0,"turns":1},{"floor":3,"enemies":"Cultist","damage":0,"turns":1},{"floor":5,"enemies":"Jaw Worm","damage":0,"turns":1},{"floor":6,"enemies":"Lagavulin","damage":35,"turns":6},{"floor":7,"enemies":"Blue Slaver","damage":0,"turns":1},{"floor":8,"enemies":"2 Fungi Beasts","damage":1,"turns":3},{"floor":10,"enemies":"Gremlin Nob","damage":0,"turns":2},{"floor":16,"enemies":"Hexaghost","damage":30,"turns":7},{"floor":18,"enemies":"2 Thieves","damage":0,"turns":3},{"floor":21,"enemies":"3 Byrds","damage":12,"turns":3},{"floor":22,"enemies":"Snake Plant","damage":20,"turns":3},{"floor":24,"enemies":"Book of Stabbing","damage":12,"turns":3},{"floor":27,"enemies":"Centurion and Healer","damage":15,"turns":4},{"floor":29,"enemies":"Shelled Parasite and Fungi","damage":13,"turns":5},{"floor":30,"enemies":"Slavers","damage":20,"turns":5},{"floor":31,"enemies":"Cultist and Chosen","damage":6,"turns":1}],"potions_obtained":[{"key":"Fire Potion","floor":1},{"key":"Ancient Potion","floor":3},{"key":"Energy Potion","floor":5},{"key":"LiquidMemories","floor":18},{"key":"Ancient Potion","floor":27},{"key":"Fire Potion","floor":30}],"relics_obtained":[{"key":"Kunai","floor":6},{"key":"MealTicket","floor":9},{"key":"War Paint","floor":10},{"key":"Strawberry","floor":24},{"key":"White Beast Statue","floor":26},{"key":"Prayer Wheel","floor":30}],"campfire_choices":[{"floor":11,"key":"SMITH","data":"Glass Knife"},{"floor":15,"key":"SMITH","data":"Dash"},{"floor":23,"key":"SMITH","data":"Footwork"},{"floor":25,"key":"SMITH","data":"Phantasmal Killer"}],"circlet_count":0,"win_rate":0,"killed_by":"Cultist and Chosen"}