{"play_id":"4d54d01a-9d08-4d4a-974d-91783a25ebb0","build_version":"2020-01-27","seed_played":"-342162081234499072","chose_seed":false,"seed_source_timestamp":1152597036382,"is_daily":false,"special_seed":null,"is_trial":false,"is_endless":false,"is_ascension_mode":true,"ascension_level":10,"neow_bonus":"ONE_RARE_RELIC","neow_cost":"NO_GOLD","is_beta":false,"is_prod":false,"victory":false,"floor_reached":11,"score":113,"timestamp":1701569722,"local_time":"12/03/2023 02:15:22","playtime":683,"player_experience":403358,"master_deck":["AscendersBane","Strike_G","Strike_G","Strike_G","Strike_G","Defend_G","Defend_G","Defend_G","Defend_G","Defend_G","Survivor","Neutralize","Dagger Spray","Leg Sweep","Blade Dance","Flying Knee+1","PiercingWail","Caltrops","Heel Hook"],"relics":["Ring of the Snake","Incense Burner","Potion Belt","Tiny Chest"],"gold":106,"campfire_rested":0,"campfire_upgraded":1,"purchased_purges":0,"potions_floor_spawned":[1,5],"potions_floor_usage":[6,11],"current_hp_per_floor":[63,63,62,62,57,48,48,41,41,33,0],"max_hp_per_floor":[70,70,70,70,70,70,70,70,70,70,70],"gold_per_floor":[14,14,31,7,21,51,51,62,86,106,106],"path_per_floor":["M","?","M","$","M","E","R","M","T","M","E"],"path_taken":["M","?","M","$","M","E","R","M","T","M","E"],"items_purchased":["Flying Knee"],"item_purchase_floors":[4],"items_purged":[],"items_purged_floors":[],"character_chosen":"THE_SILENT","card_choices":[{"picked":"Dagger Spray","not_picked":["Setup","Underhanded Strike"],"floor":1},{"picked":"Blade Dance","not_picked":["Dagger Throw","Dodge and Roll"],"floor":3},{"picked":"PiercingWail","not_picked":["Slice","Deflect"],"floor":5},{"picked":"Caltrops","not_picked":["Quick Slash","Bane"],"floor":6},{"picked":"SKIP","not_picked":["Dagger Throw","Flying Knee","Acrobatics"],"floor":8},{"picked":"Heel Hook","not_picked":["Sucker Punch","Reflex"],"floor":10}],"event_choices":[{"event_name":"Living Wall","player_choice":"Change","floor":2,"cards_obtained":["Leg Sweep"],"cards_removed":null,"cards_transformed":["Strike_G"],"cards_upgraded":null,"relics_obtained":null,"potions_obtained":null,"relics_lost":null,"damage_taken":0,"damage_healed":0,"max_hp_loss":0,"max_hp_gain":0,"gold_gain":0,"gold_loss":0}],"boss_relics":[],"damage_taken":[{"floor":1,"enemies":"Cultist","damage":0,"turns":5},{"floor":3,"enemies":"Jaw Worm","damage":1,"turns":6},{"floor":5,"enemies":"2 Louse","damage":5,"turns":3},{"floor":6,"enemies":"3 Sentries","damage":9,"turns":12},{"floor":8,"enemies":"Gremlin Gang","damage":7,"turns":5},{"floor":10,"enemies":"2 Fungi Beasts","damage":8,"turns":4},{"floor":11,"enemies":"Lagavulin","damage":51,"turns":10}],"potions_obtained":[{"key":"EssenceOfSteel","floor":1},{"key":"Dexterity Potion","floor":5}],"relics_obtained":[{"key":"Potion Belt","floor":6},{"key":"Tiny Chest","floor":9}],"campfire_choices":[{"floor":7,"key":"SMITH","data":"Flying Knee"}],"circlet_count":0,"win_rate":0,"killed_by":"Lagavulin"}