{"play_id":"81d5da56-eaaf-41a0-afac-004c7b104934","build_version":"2020-01-27","seed_played":"-271619597585213334","chose_seed":false,"seed_source_timestamp":0,"is_daily":false,"special_seed":0,"is_trial":false,"is_endless":false,"is_ascension_mode":true,"ascension_level":10,"neow_bonus":"ONE_RANDOM_RARE_CARD","neow_cost":"NONE","is_beta":false,"is_prod":false,"victory":false,"floor_reached":16,"score":165,"timestamp":1701027780,"local_time":"11/26/2023 19:43:00","playtime":807,"player_experience":381077,"master_deck":["AscendersBane","Strike_G","Strike_G","Strike_G","Strike_G","Defend_G","Defend_G","Defend_G","Defend_G","Defend_G","Survivor","Neutralize","Adrenaline","Sucker Punch","Deadly Poison+1","Doubt","Sucker Punch","Phantasmal Killer+1","Flying Knee","Slice","Reflex"],"relics":["Ring of the Snake","PreservedInsect","Tingsha","Omamori","Juzu Bracelet"],"gold":45,"campfire_rested":1,"campfire_upgraded":2,"purchased_purges":1,"potions_floor_spawned":[1,5,11,14],"potions_floor_usage":[7,11,11,16],"current_hp_per_floor":[57,55,55,55,55,55,32,32,32,32,30,13,13,2,23,0],"max_hp_per_floor":[70,70,70,70,70,70,70,70,70,70,70,70,70,70,70,70],"gold_per_floor":[119,130,305,275,293,293,319,6,55,55,70,104,29,45,45,45],"path_per_floor":["M","M","?","?","M","R","E","$","T","R","M","E","$","M","R","B"],"path_taken":["M","?","?","?","M","R","E","$","T","R","M","E","$","M","R","BOSS"],"items_purchased":["Tingsha"],"item_purchase_floors":[8],"items_purged":["Strike_G"],"items_purged_floors":[13],"character_chosen":"THE_SILENT","card_choices":[{"picked":"Sucker Punch","not_picked":["Blade Dance","Underhanded Strike"],"floor":1},{"picked":"Deadly Poison","not_picked":["Quick Slash","Eviscerate"],"floor":2},{"picked":"Sucker Punch","not_picked":["Backflip","Riddle With Holes"],"floor":5},{"picked":"Phantasmal Killer","not_picked":["Acrobatics","Quick Slash"],"floor":7},{"picked":"Flying Knee","not_picked":["PiercingWail","Concentrate"],"floor":11},{"picked":"Slice","not_picked":["Outmaneuver","Dodge and Roll"],"floor":12},{"picked":"Reflex","not_picked":["Flying Knee","Tactician"],"floor":14}],"event_choices":[{"event_name":"Liars Game","player_choice":"AGREE","floor":3,"cards_obtained":["Doubt"],"cards_removed":null,"cards_transformed":null,"cards_upgraded":null,"relics_obtained":null,"potions_obtained":null,"relics_lost":null,"damage_taken":0,"damage_healed":0,"max_hp_loss":0,"max_hp_gain":0,"gold_gain":175,"gold_loss":0},{"event_name":"The Woman in Blue","player_choice":"Bought 2 Potions","floor":4,"cards_obtained":null,"cards_removed":null,"cards_transformed":null,"cards_upgraded":null,"relics_obtained":null,"potions_obtained":null,"relics_lost":null,"damage_taken":0,"damage_healed":0,"max_hp_loss":0,"max_hp_gain":0,"gold_gain":0,"gold_loss":0}],"boss_relics":[],"damage_taken":[{"floor":1,"enemies":"Cultist","damage":6,"turns":5},{"floor":2,"enemies":"Jaw Worm","damage":2,"turns":4},{"floor":5,"enemies":"Small Slimes","damage":0,"turns":3},{"floor":7,"enemies":"3 Sentries","damage":38,"turns":13},{"floor":11,"enemies":"Exordium Wildlife","damage":2,"turns":4},{"floor":12,"enemies":"Gremlin Nob","damage":17,"turns":4},{"floor":14,"enemies":"3 Louse","damage":11,"turns":4},{"floor":16,"enemies":"Slime Boss","damage":23,"turns":3}],"potions_obtained":[{"key":"Regen Potion","floor":1},{"key":"Block Potion","floor":4},{"key":"FearPotion","floor":4},{"key":"SmokeBomb","floor":11},{"key":"FearPotion","floor":14}],"relics_obtained":[{"key":"PreservedInsect","floor":7},{"key":"Omamori","floor":9},{"key":"Juzu Bracelet","floor":12}],"campfire_choices":[{"floor":6,"key":"SMITH","data":"Deadly Poison"},{"floor":10,"key":"SMITH","data":"Phantasmal Killer"},{"floor":15,"key":"REST"}],"circlet_count":0,"win_rate":0,"killed_by":"Slime Boss"}