{"play_id":"f1cc100d-2702-4172-ab35-633ced209864","build_version":"2020-01-27","seed_played":"-8264796336495253717","chose_seed":false,"seed_source_timestamp":370496661926,"is_daily":false,"special_seed":null,"is_trial":false,"is_endless":false,"is_ascension_mode":true,"ascension_level":10,"neow_bonus":"TEN_PERCENT_HP_BONUS","neow_cost":"NONE","is_beta":false,"is_prod":false,"victory":false,"floor_reached":8,"score":84,"timestamp":1701404864,"local_time":"12/01/2023 04:27:44","playtime":427,"player_experience":396716,"master_deck":["AscendersBane","Strike_G","Strike_G","Strike_G","Strike_G","Defend_G","Defend_G","Defend_G","Defend_G","Defend_G","Survivor","Neutralize","Riddle With Holes","Deadly Poison","Noxious Fumes","Footwork","Deadly Poison"],"relics":["Ring of the Snake","Peace Pipe","Oddly Smooth Stone"],"gold":50,"campfire_rested":0,"campfire_upgraded":0,"purchased_purges":0,"potions_floor_spawned":[1,7],"potions_floor_usage":[6,8],"current_hp_per_floor":[58,58,51,51,51,5,5,0],"max_hp_per_floor":[77,77,77,77,77,77,77,77],"gold_per_floor":[110,60,60,71,2,30,50,50],"path_per_floor":["M","?","?","M","$","E","M","M"],"path_taken":["M","?","?","M","?","E","M","M"],"items_purchased":["Noxious Fumes"],"item_purchase_floors":[5],"items_purged":[],"items_purged_floors":[],"character_chosen":"THE_SILENT","card_choices":[{"picked":"Riddle With Holes","not_picked":["Underhanded Strike","Expertise"],"floor":1},{"picked":"Deadly Poison","not_picked":["Quick Slash","Blade Dance"],"floor":4},{"picked":"Footwork","not_picked":["Unload","Underhanded Strike"],"floor":6},{"picked":"Deadly Poison","not_picked":["Blur","Endless Agony"],"floor":7}],"event_choices":[{"event_name":"The Cleric","player_choice":"Card Removal","floor":2,"cards_obtained":null,"cards_removed":["Strike_G"],"cards_transformed":null,"cards_upgraded":null,"relics_obtained":null,"potions_obtained":null,"relics_lost":null,"damage_taken":0,"damage_healed":0,"max_hp_loss":0,"max_hp_gain":0,"gold_gain":0,"gold_loss":50},{"event_name":"Scrap Ooze","player_choice":"Success","floor":3,"cards_obtained":null,"cards_removed":null,"cards_transformed":null,"cards_upgraded":null,"relics_obtained":["Peace Pipe"],"potions_obtained":null,"relics_lost":null,"damage_taken":7,"damage_healed":0,"max_hp_loss":0,"max_hp_gain":0,"gold_gain":0,"gold_loss":0}],"boss_relics":[],"damage_taken":[{"floor":1,"enemies":"Small Slimes","damage":12,"turns":6},{"floor":4,"enemies":"Jaw Worm","damage":0,"turns":4},{"floor":6,"enemies":"Lagavulin","damage":46,"turns":7},{"floor":7,"enemies":"Cultist","damage":0,"turns":4},{"floor":8,"enemies":"Red Slaver","damage":10,"turns":3}],"potions_obtained":[{"key":"DistilledChaos","floor":1},{"key":"GhostInAJar","floor":7}],"relics_obtained":[{"key":"Oddly Smooth Stone","floor":6}],"campfire_choices":[],"circlet_count":0,"win_rate":0,"killed_by":"Red Slaver"}