{"play_id":"c6a89976-984c-4259-b845-7eb9a2d8146d","build_version":"2020-01-27","seed_played":"4251561964435936799","chose_seed":false,"seed_source_timestamp":0,"is_daily":false,"special_seed":0,"is_trial":false,"is_endless":false,"is_ascension_mode":true,"ascension_level":10,"neow_bonus":"THREE_ENEMY_KILL","neow_cost":"NONE","is_beta":false,"is_prod":false,"victory":false,"floor_reached":38,"score":666,"timestamp":1701263717,"local_time":"11/29/2023 13:15:17","playtime":2101,"player_experience":390563,"master_deck":["AscendersBane","Strike_G","Strike_G","Strike_G","Strike_G","Defend_G","Defend_G","Defend_G","Defend_G","Defend_G","Survivor","Neutralize","Poisoned Stab","Backflip","Noxious Fumes+1","Poisoned Stab","Deadly Poison+1","Calculated Gamble+1","Doubt","Burst+1","PiercingWail+1","Deadly Poison","Poisoned Stab+1","Predator","Burst","Bouncing Flask+1","Madness","Madness"],"relics":["Ring of the Snake","NeowsBlessing","Tough Bandages","Ginger","InkBottle","The Specimen","Kunai","Busted Crown","Strawberry","PreservedInsect","Bottled Flame","Blue Candle","Sozu"],"gold":344,"campfire_rested":2,"campfire_upgraded":5,"purchased_purges":1,"potions_floor_spawned":[2,12,19,22,27,30],"potions_floor_usage":[30,31,31],"current_hp_per_floor":[63,63,56,56,56,56,56,47,47,47,44,15,15,38,38,1,53,44,39,39,46,22,22,22,45,45,25,48,48,47,39,39,6,59,31,31,21,0],"max_hp_per_floor":[70,70,70,70,70,70,70,70,70,70,70,70,70,70,70,70,70,70,70,70,77,77,77,77,77,77,77,77,77,77,77,77,77,77,77,77,77,77],"gold_per_floor":[118,128,128,403,22,54,54,74,74,74,92,122,297,297,297,398,398,414,431,431,113,132,132,76,76,155,170,170,170,180,209,209,314,314,329,344,344,344],"path_per_floor":["M","M","?","?","$","E","R","M","T","R","M","E","?","?","R","B","ul","M","M","?","$","M","R","?","R","T","M","R","?","M","E","R","B",null,"M","M","?","M"],"path_taken":["M","M","?","?","$","E","R","?","T","R","M","E","?","?","R","BOSS","M","M","?","$","M","R","?","R","T","?","R","?","M","E","R","BOSS","M","?","?","M"],"items_purchased":["Noxious Fumes","Ginger","Deadly Poison","Poisoned Stab","Strawberry"],"item_purchase_floors":[5,5,21,21,21],"items_purged":["Regret"],"items_purged_floors":[21],"character_chosen":"THE_SILENT","card_choices":[{"picked":"Poisoned Stab","not_picked":["Quick Slash","Underhanded Strike"],"floor":1},{"picked":"Backflip","not_picked":["Dagger Throw","Underhanded Strike"],"floor":2},{"picked":"Poisoned Stab","not_picked":["Backstab","Finisher"],"floor":6},{"picked":"Deadly Poison","not_picked":["Calculated Gamble","Heel Hook"],"floor":8},{"picked":"SKIP","not_picked":["Dodge and Roll","PiercingWail","Concentrate"],"floor":11},{"picked":"Calculated Gamble","not_picked":["Bullet Time","Deflect"],"floor":12},{"picked":"Burst","not_picked":["Unload","Glass Knife"],"floor":16},{"picked":"SKIP","not_picked":["Prepared"],"floor":18},{"picked":"PiercingWail+1","not_picked":[],"floor":19},{"picked":"SKIP","not_picked":["Deflect+1"],"floor":22},{"picked":"SKIP","not_picked":["Terror"],"floor":27},{"picked":"SKIP","not_picked":["Underhanded Strike"],"floor":30},{"picked":"Predator","not_picked":[],"floor":31},{"picked":"Burst","not_picked":[],"floor":33},{"picked":"Bouncing Flask+1","not_picked":[],"floor":35},{"picked":"SKIP","not_picked":["Bane+1"],"floor":36}],"event_choices":[{"event_name":"Scrap Ooze","player_choice":"Success","floor":3,"cards_obtained":null,"cards_removed":null,"cards_transformed":null,"cards_upgraded":null,"relics_obtained":["Tough Bandages"],"potions_obtained":null,"relics_lost":null,"damage_taken":7,"damage_healed":0,"max_hp_loss":0,"max_hp_gain":0,"gold_gain":0,"gold_loss":0},{"event_name":"Golden Shrine","player_choice":"Desecrate","floor":4,"cards_obtained":["Regret"],"cards_removed":null,"cards_transformed":null,"cards_upgraded":null,"relics_obtained":null,"potions_obtained":null,"relics_lost":null,"damage_taken":0,"damage_healed":0,"max_hp_loss":0,"max_hp_gain":0,"gold_gain":275,"gold_loss":0},{"event_name":"Liars Game","player_choice":"AGREE","floor":13,"cards_obtained":["Doubt"],"cards_removed":null,"cards_transformed":null,"cards_upgraded":null,"relics_obtained":null,"potions_obtained":null,"relics_lost":null,"damage_taken":0,"damage_healed":0,"max_hp_loss":0,"max_hp_gain":0,"gold_gain":175,"gold_loss":0},{"event_name":"Big Fish","player_choice":"Banana","floor":14,"cards_obtained":null,"cards_removed":null,"cards_transformed":null,"cards_upgraded":null,"relics_obtained":null,"potions_obtained":null,"relics_lost":null,"damage_taken":0,"damage_healed":23,"max_hp_loss":0,"max_hp_gain":0,"gold_gain":0,"gold_loss":0},{"event_name":"Vampires","player_choice":"Ignored","floor":20,"cards_obtained":null,"cards_removed":null,"cards_transformed":null,"cards_upgraded":null,"relics_obtained":null,"potions_obtained":null,"relics_lost":null,"damage_taken":0,"damage_healed":0,"max_hp_loss":0,"max_hp_gain":0,"gold_gain":0,"gold_loss":0},{"event_name":"WeMeetAgain","player_choice":"Paid Gold","floor":24,"cards_obtained":null,"cards_removed":null,"cards_transformed":null,"cards_upgraded":null,"relics_obtained":["PreservedInsect"],"potions_obtained":null,"relics_lost":null,"damage_taken":0,"damage_healed":0,"max_hp_loss":0,"max_hp_gain":0,"gold_gain":0,"gold_loss":56},{"event_name":"Bonfire Elementals","player_choice":"Offered Basic","floor":29,"cards_obtained":null,"cards_removed":["Strike_G"],"cards_transformed":null,"cards_upgraded":null,"relics_obtained":null,"potions_obtained":null,"relics_lost":null,"damage_taken":0,"damage_healed":0,"max_hp_loss":0,"max_hp_gain":0,"gold_gain":0,"gold_loss":0},{"event_name":"Winding Halls","player_choice":"Embrace Madness","floor":37,"cards_obtained":["Madness","Madness"],"cards_removed":null,"cards_transformed":null,"cards_upgraded":null,"relics_obtained":null,"potions_obtained":null,"relics_lost":null,"damage_taken":10,"damage_healed":0,"max_hp_loss":0,"max_hp_gain":0,"gold_gain":0,"gold_loss":0}],"boss_relics":[{"picked":"Busted Crown","not_picked":["Coffee Dripper","Runic Dome"]},{"picked":"Sozu","not_picked":["Fusion Hammer","WristBlade"]}],"damage_taken":[{"floor":1,"enemies":"Jaw Worm","damage":0,"turns":1},{"floor":2,"enemies":"2 Louse","damage":0,"turns":1},{"floor":6,"enemies":"Gremlin Nob","damage":0,"turns":1},{"floor":8,"enemies":"Cultist","damage":9,"turns":4},{"floor":11,"enemies":"2 Fungi Beasts","damage":3,"turns":3},{"floor":12,"enemies":"3 Sentries","damage":29,"turns":7},{"floor":16,"enemies":"Slime Boss","damage":60,"turns":11},{"floor":18,"enemies":"Shell Parasite","damage":9,"turns":4},{"floor":19,"enemies":"3 Byrds","damage":5,"turns":4},{"floor":22,"enemies":"Snecko","damage":24,"turns":5},{"floor":27,"enemies":"Shelled Parasite and Fungi","damage":20,"turns":5},{"floor":30,"enemies":"Snake Plant","damage":1,"turns":4},{"floor":31,"enemies":"Slavers","damage":8,"turns":4},{"floor":33,"enemies":"Champ","damage":33,"turns":12},{"floor":35,"enemies":"3 Darklings","damage":28,"turns":5},{"floor":36,"enemies":"3 Shapes","damage":0,"turns":4},{"floor":38,"enemies":"Maw","damage":21,"turns":4}],"potions_obtained":[{"key":"Weak Potion","floor":2},{"key":"FairyPotion","floor":12},{"key":"Explosive Potion","floor":19},{"key":"SteroidPotion","floor":22},{"key":"SkillPotion","floor":30}],"relics_obtained":[{"key":"InkBottle","floor":6},{"key":"The Specimen","floor":9},{"key":"Kunai","floor":12},{"key":"Bottled Flame","floor":26},{"key":"Blue Candle","floor":31}],"campfire_choices":[{"floor":7,"key":"SMITH","data":"Noxious Fumes"},{"floor":10,"key":"SMITH","data":"Deadly Poison"},{"floor":15,"key":"SMITH","data":"Calculated Gamble"},{"floor":23,"key":"SMITH","data":"Poisoned Stab"},{"floor":25,"key":"REST"},{"floor":28,"key":"REST"},{"floor":32,"key":"SMITH","data":"Burst"}],"circlet_count":0,"win_rate":0,"killed_by":"Maw"}