{"play_id":"b75bf88e-903e-4f09-812f-563215a31a82","build_version":"2020-01-27","seed_played":"-6203165348463463131","chose_seed":false,"seed_source_timestamp":1012252594189,"is_daily":false,"special_seed":null,"is_trial":false,"is_endless":false,"is_ascension_mode":true,"ascension_level":10,"neow_bonus":"TEN_PERCENT_HP_BONUS","neow_cost":"NONE","is_beta":false,"is_prod":false,"victory":false,"floor_reached":8,"score":81,"timestamp":1701525411,"local_time":"12/02/2023 13:56:51","playtime":424,"player_experience":399979,"master_deck":["AscendersBane","Strike_G","Strike_G","Strike_G","Strike_G","Defend_G","Defend_G","Defend_G","Defend_G","Defend_G","Survivor","Neutralize","Acrobatics","Blade Dance+1","Blur","Backstab"],"relics":["Ring of the Snake","Blood Vial","Omamori"],"gold":63,"campfire_rested":0,"campfire_upgraded":1,"purchased_purges":1,"potions_floor_spawned":[1],"potions_floor_usage":[6],"current_hp_per_floor":[60,65,65,65,58,22,22,0],"max_hp_per_floor":[77,82,82,82,82,82,82,82],"gold_per_floor":[117,117,18,31,31,63,63,63],"path_per_floor":["M","?","$","M","?","E","R","E"],"path_taken":["M","?","$","M","?","E","R","E"],"items_purchased":["Blade Dance"],"item_purchase_floors":[3],"items_purged":["Strike_G"],"items_purged_floors":[3],"character_chosen":"THE_SILENT","card_choices":[{"picked":"Acrobatics","not_picked":["Reflex","Escape Plan"],"floor":1},{"picked":"Blur","not_picked":["Dagger Spray","Reflex"],"floor":4},{"picked":"Backstab","not_picked":["Backflip","Dagger Spray"],"floor":6}],"event_choices":[{"event_name":"Big Fish","player_choice":"Donut","floor":2,"cards_obtained":null,"cards_removed":null,"cards_transformed":null,"cards_upgraded":null,"relics_obtained":null,"potions_obtained":null,"relics_lost":null,"damage_taken":0,"damage_healed":0,"max_hp_loss":0,"max_hp_gain":5,"gold_gain":0,"gold_loss":0},{"event_name":"Scrap Ooze","player_choice":"Success","floor":5,"cards_obtained":null,"cards_removed":null,"cards_transformed":null,"cards_upgraded":null,"relics_obtained":["Blood Vial"],"potions_obtained":null,"relics_lost":null,"damage_taken":7,"damage_healed":0,"max_hp_loss":0,"max_hp_gain":0,"gold_gain":0,"gold_loss":0}],"boss_relics":[],"damage_taken":[{"floor":1,"enemies":"Jaw Worm","damage":10,"turns":6},{"floor":4,"enemies":"Small Slimes","damage":0,"turns":4},{"floor":6,"enemies":"Lagavulin","damage":38,"turns":10},{"floor":8,"enemies":"3 Sentries","damage":32,"turns":7}],"potions_obtained":[{"key":"CunningPotion","floor":1}],"relics_obtained":[{"key":"Omamori","floor":6}],"campfire_choices":[{"floor":7,"key":"SMITH","data":"Blade Dance"}],"circlet_count":0,"win_rate":0,"killed_by":"3 Sentries"}