{"play_id":"e548fe1a-e5a8-4538-80a6-62d0cc97a3a8","build_version":"2020-01-27","seed_played":"-4996469563855645121","chose_seed":false,"seed_source_timestamp":0,"is_daily":false,"special_seed":0,"is_trial":false,"is_endless":false,"is_ascension_mode":true,"ascension_level":10,"neow_bonus":"TEN_PERCENT_HP_BONUS","neow_cost":"NONE","is_beta":false,"is_prod":false,"victory":false,"floor_reached":8,"score":66,"timestamp":1701524899,"local_time":"12/02/2023 13:48:19","playtime":453,"player_experience":399526,"master_deck":["AscendersBane","Strike_G","Strike_G","Strike_G","Strike_G","Defend_G","Defend_G","Defend_G","Defend_G","Survivor","Neutralize+1","Deflect","Well Laid Plans","Injury","Deflect","Regret"],"relics":["Ring of the Snake","Golden Idol"],"gold":306,"campfire_rested":0,"campfire_upgraded":1,"purchased_purges":1,"potions_floor_spawned":[5],"potions_floor_usage":[],"current_hp_per_floor":[68,68,61,61,54,54,54,43],"max_hp_per_floor":[77,77,77,77,77,77,77,77],"gold_per_floor":[119,7,7,7,31,306,306,306],"path_per_floor":["M","$","?","?","M","?","R","E"],"path_taken":["M","$","?","?","M","?","R","E"],"items_purchased":["Well Laid Plans"],"item_purchase_floors":[2],"items_purged":["Defend_G"],"items_purged_floors":[2],"character_chosen":"THE_SILENT","card_choices":[{"picked":"Deflect","not_picked":["Dodge and Roll","Dagger Throw"],"floor":1},{"picked":"Deflect","not_picked":["Acrobatics","Dagger Spray"],"floor":5}],"event_choices":[{"event_name":"Golden Wing","player_choice":"Card Removal","floor":3,"cards_obtained":null,"cards_removed":["Strike_G"],"cards_transformed":null,"cards_upgraded":null,"relics_obtained":null,"potions_obtained":null,"relics_lost":null,"damage_taken":7,"damage_healed":0,"max_hp_loss":0,"max_hp_gain":0,"gold_gain":0,"gold_loss":0},{"event_name":"Golden Idol","player_choice":"Take Wound","floor":4,"cards_obtained":["Injury"],"cards_removed":null,"cards_transformed":null,"cards_upgraded":null,"relics_obtained":["Golden Idol"],"potions_obtained":null,"relics_lost":null,"damage_taken":0,"damage_healed":0,"max_hp_loss":0,"max_hp_gain":0,"gold_gain":0,"gold_loss":0},{"event_name":"Golden Shrine","player_choice":"Desecrate","floor":6,"cards_obtained":["Regret"],"cards_removed":null,"cards_transformed":null,"cards_upgraded":null,"relics_obtained":null,"potions_obtained":null,"relics_lost":null,"damage_taken":0,"damage_healed":0,"max_hp_loss":0,"max_hp_gain":0,"gold_gain":275,"gold_loss":0}],"boss_relics":[],"damage_taken":[{"floor":1,"enemies":"Small Slimes","damage":2,"turns":5},{"floor":5,"enemies":"Jaw Worm","damage":7,"turns":6},{"floor":8,"enemies":"Lagavulin","damage":11,"turns":6}],"potions_obtained":[{"key":"Block Potion","floor":5}],"relics_obtained":[],"campfire_choices":[{"floor":7,"key":"SMITH","data":"Neutralize"}],"circlet_count":0,"win_rate":0,"killed_by":"Lagavulin"}