{"play_id":"023a2439-682b-4e03-8f97-65d503f2ad19","build_version":"2020-01-27","seed_played":"6790258183312990842","chose_seed":false,"seed_source_timestamp":1087664254839,"is_daily":false,"special_seed":null,"is_trial":false,"is_endless":false,"is_ascension_mode":true,"ascension_level":10,"neow_bonus":"THREE_ENEMY_KILL","neow_cost":"NONE","is_beta":false,"is_prod":false,"victory":false,"floor_reached":14,"score":179,"timestamp":1701556294,"local_time":"12/02/2023 22:31:34","playtime":389,"player_experience":400995,"master_deck":["AscendersBane","Strike_G","Strike_G","Strike_G","Strike_G","Defend_G","Defend_G","Defend_G","Survivor","Neutralize","Crippling Poison+1","Bane+1","Heel Hook","Flechettes","Footwork","Dagger Throw","Sucker Punch","Poisoned Stab"],"relics":["Ring of the Snake","NeowsBlessing","WingedGreaves","InkBottle","Dream Catcher"],"gold":32,"campfire_rested":0,"campfire_upgraded":2,"purchased_purges":0,"potions_floor_spawned":[1],"potions_floor_usage":[14],"current_hp_per_floor":[63,70,63,63,63,63,63,63,63,63,63,63,25,0],"max_hp_per_floor":[70,70,70,70,70,70,70,70,70,70,70,70,70,70],"gold_per_floor":[111,76,76,76,95,95,129,129,129,129,28,4,32,32],"path_per_floor":["M","?","?","?","M","R","E","?","T","R","$","$","E","E"],"path_taken":["M","?","?","?","?","R","E","?","T","R","?","$","E","E"],"items_purchased":["Footwork","Dagger Throw","Sucker Punch"],"item_purchase_floors":[11,11,12],"items_purged":[],"items_purged_floors":[],"character_chosen":"THE_SILENT","card_choices":[{"picked":"Crippling Poison","not_picked":["Setup","Deadly Poison"],"floor":1},{"picked":"Bane","not_picked":["Masterful Stab","Dagger Spray"],"floor":5},{"picked":"Heel Hook","not_picked":["Quick Slash","Dagger Throw"],"floor":7},{"picked":"Poisoned Stab","not_picked":["Flying Knee","Well Laid Plans"],"floor":13}],"event_choices":[{"event_name":"The Cleric","player_choice":"Healed","floor":2,"cards_obtained":null,"cards_removed":null,"cards_transformed":null,"cards_upgraded":null,"relics_obtained":null,"potions_obtained":null,"relics_lost":null,"damage_taken":0,"damage_healed":17,"max_hp_loss":0,"max_hp_gain":0,"gold_gain":0,"gold_loss":35},{"event_name":"Golden Wing","player_choice":"Card Removal","floor":3,"cards_obtained":null,"cards_removed":["Defend_G"],"cards_transformed":null,"cards_upgraded":null,"relics_obtained":null,"potions_obtained":null,"relics_lost":null,"damage_taken":7,"damage_healed":0,"max_hp_loss":0,"max_hp_gain":0,"gold_gain":0,"gold_loss":0},{"event_name":"Living Wall","player_choice":"Forget","floor":4,"cards_obtained":null,"cards_removed":["Strike_G"],"cards_transformed":null,"cards_upgraded":null,"relics_obtained":null,"potions_obtained":null,"relics_lost":null,"damage_taken":0,"damage_healed":0,"max_hp_loss":0,"max_hp_gain":0,"gold_gain":0,"gold_loss":0},{"event_name":"Transmorgrifier","player_choice":"Transformed","floor":8,"cards_obtained":["Flechettes"],"cards_removed":null,"cards_transformed":["Defend_G"],"cards_upgraded":null,"relics_obtained":null,"potions_obtained":null,"relics_lost":null,"damage_taken":0,"damage_healed":0,"max_hp_loss":0,"max_hp_gain":0,"gold_gain":0,"gold_loss":0}],"boss_relics":[],"damage_taken":[{"floor":1,"enemies":"Small Slimes","damage":0,"turns":1},{"floor":5,"enemies":"Jaw Worm","damage":0,"turns":1},{"floor":7,"enemies":"3 Sentries","damage":0,"turns":1},{"floor":13,"enemies":"Lagavulin","damage":38,"turns":8},{"floor":14,"enemies":"3 Sentries","damage":31,"turns":10}],"potions_obtained":[{"key":"Weak Potion","floor":1}],"relics_obtained":[{"key":"WingedGreaves","floor":7},{"key":"InkBottle","floor":9},{"key":"Dream Catcher","floor":13}],"campfire_choices":[{"floor":6,"key":"SMITH","data":"Bane"},{"floor":10,"key":"SMITH","data":"Crippling Poison"}],"circlet_count":0,"win_rate":0,"killed_by":"3 Sentries"}