{"play_id":"173651df-d0eb-4faa-9323-e39200da2262","build_version":"2020-01-27","seed_played":"-5762402981661559202","chose_seed":false,"seed_source_timestamp":1091672009919,"is_daily":false,"special_seed":null,"is_trial":false,"is_endless":false,"is_ascension_mode":true,"ascension_level":10,"neow_bonus":"THREE_ENEMY_KILL","neow_cost":"NONE","is_beta":false,"is_prod":false,"victory":false,"floor_reached":31,"score":381,"timestamp":1701557242,"local_time":"12/02/2023 22:47:22","playtime":933,"player_experience":401384,"master_deck":["AscendersBane","Strike_G","Strike_G","Strike_G","Strike_G","Defend_G","Defend_G","Defend_G","Defend_G","Survivor","Neutralize","Flying Knee+1","Poisoned Stab+1","PiercingWail","Backflip","Terror+1","Reflex","Dagger Throw","Envenom+1","Poisoned Stab","Noxious Fumes","Catalyst","Well Laid Plans","Blade Dance","Sucker Punch","Deflect"],"relics":["Ring of the Snake","NeowsBlessing","Calipers","Tingsha","Singing Bowl","Vajra","Sozu","PreservedInsect","Chemical X","WingedGreaves"],"gold":96,"campfire_rested":2,"campfire_upgraded":4,"purchased_purges":1,"potions_floor_spawned":[1,8,24],"potions_floor_usage":[16,16],"current_hp_per_floor":[63,63,63,63,63,63,63,63,63,51,51,51,53,53,53,23,60,37,37,37,37,37,37,24,24,24,45,45,17,39,0],"max_hp_per_floor":[70,70,70,70,70,70,70,70,70,70,70,70,72,72,72,72,72,72,72,72,72,72,72,72,72,72,72,72,74,74,74],"gold_per_floor":[115,46,46,46,24,55,55,66,139,139,139,314,329,346,346,445,445,463,463,562,562,65,65,83,83,83,83,83,96,96,96],"path_per_floor":["M","$","?","T","$","E","R","M","T","?","R","?","M","M","R","B",null,"M","?","?","?","$","R","M","?","T","R","$","M","R","E"],"path_taken":["M","$","?","?","?","E","R","?","T","?","R","?","M","M","R","BOSS","M","?","?","?","$","R","?","?","T","R","?","M","R","E"],"items_purchased":["Poisoned Stab","PiercingWail","Backflip","PreservedInsect","Catalyst","Chemical X","Well Laid Plans"],"item_purchase_floors":[2,2,5,22,22,22,22],"items_purged":["Doubt"],"items_purged_floors":[22],"character_chosen":"THE_SILENT","card_choices":[{"picked":"Flying Knee","not_picked":["Tactician","Dagger Spray"],"floor":1},{"picked":"Terror","not_picked":["Setup","Distraction"],"floor":6},{"picked":"Reflex","not_picked":["Riddle With Holes","Dodge and Roll"],"floor":8},{"picked":"Singing Bowl","not_picked":["PiercingWail","Flechettes","Slice"],"floor":13},{"picked":"Dagger Throw","not_picked":["Predator","Dash"],"floor":14},{"picked":"Envenom","not_picked":["Wraith Form v2","Glass Knife"],"floor":16},{"picked":"Poisoned Stab","not_picked":["PiercingWail","Riddle With Holes"],"floor":18},{"picked":"Blade Dance","not_picked":["Dagger Throw","Acrobatics"],"floor":24},{"picked":"Singing Bowl","not_picked":["Dagger Throw","Prepared","Sucker Punch+1"],"floor":29}],"event_choices":[{"event_name":"The Cleric","player_choice":"Leave","floor":3,"cards_obtained":null,"cards_removed":null,"cards_transformed":null,"cards_upgraded":null,"relics_obtained":null,"potions_obtained":null,"relics_lost":null,"damage_taken":0,"damage_healed":0,"max_hp_loss":0,"max_hp_gain":0,"gold_gain":0,"gold_loss":0},{"event_name":"Scrap Ooze","player_choice":"Success","floor":10,"cards_obtained":null,"cards_removed":null,"cards_transformed":null,"cards_upgraded":null,"relics_obtained":["Vajra"],"potions_obtained":null,"relics_lost":null,"damage_taken":12,"damage_healed":0,"max_hp_loss":0,"max_hp_gain":0,"gold_gain":0,"gold_loss":0},{"event_name":"Liars Game","player_choice":"AGREE","floor":12,"cards_obtained":["Doubt"],"cards_removed":null,"cards_transformed":null,"cards_upgraded":null,"relics_obtained":null,"potions_obtained":null,"relics_lost":null,"damage_taken":0,"damage_healed":0,"max_hp_loss":0,"max_hp_gain":0,"gold_gain":175,"gold_loss":0},{"event_name":"Ghosts","player_choice":"Ignored","floor":19,"cards_obtained":null,"cards_removed":null,"cards_transformed":null,"cards_upgraded":null,"relics_obtained":null,"potions_obtained":null,"relics_lost":null,"damage_taken":0,"damage_healed":0,"max_hp_loss":0,"max_hp_gain":0,"gold_gain":0,"gold_loss":0},{"event_name":"Nest","player_choice":"Stole From Cult","floor":20,"cards_obtained":null,"cards_removed":null,"cards_transformed":null,"cards_upgraded":null,"relics_obtained":null,"potions_obtained":null,"relics_lost":null,"damage_taken":0,"damage_healed":0,"max_hp_loss":0,"max_hp_gain":0,"gold_gain":99,"gold_loss":0},{"event_name":"The Library","player_choice":"Read","floor":21,"cards_obtained":["Noxious Fumes"],"cards_removed":null,"cards_transformed":null,"cards_upgraded":null,"relics_obtained":null,"potions_obtained":null,"relics_lost":null,"damage_taken":0,"damage_healed":0,"max_hp_loss":0,"max_hp_gain":0,"gold_gain":0,"gold_loss":0},{"event_name":"Drug Dealer","player_choice":"Became Test Subject","floor":25,"cards_obtained":["Sucker Punch","Deflect"],"cards_removed":null,"cards_transformed":["Strike_G","Defend_G"],"cards_upgraded":null,"relics_obtained":null,"potions_obtained":null,"relics_lost":null,"damage_taken":0,"damage_healed":0,"max_hp_loss":0,"max_hp_gain":0,"gold_gain":0,"gold_loss":0}],"boss_relics":[{"picked":"Sozu","not_picked":["Tiny House","Fusion Hammer"]}],"damage_taken":[{"floor":1,"enemies":"2 Louse","damage":0,"turns":1},{"floor":6,"enemies":"Gremlin Nob","damage":0,"turns":1},{"floor":8,"enemies":"Jaw Worm","damage":0,"turns":1},{"floor":13,"enemies":"Cultist","damage":0,"turns":3},{"floor":14,"enemies":"Exordium Wildlife","damage":0,"turns":3},{"floor":16,"enemies":"Hexaghost","damage":30,"turns":11},{"floor":18,"enemies":"Shell Parasite","damage":23,"turns":6},{"floor":24,"enemies":"3 Byrds","damage":13,"turns":5},{"floor":29,"enemies":"Shelled Parasite and Fungi","damage":30,"turns":4},{"floor":31,"enemies":"Gremlin Leader","damage":52,"turns":5}],"potions_obtained":[{"key":"Weak Potion","floor":1},{"key":"ColorlessPotion","floor":8}],"relics_obtained":[{"key":"Calipers","floor":4},{"key":"Tingsha","floor":6},{"key":"Singing Bowl","floor":9},{"key":"WingedGreaves","floor":26}],"campfire_choices":[{"floor":7,"key":"SMITH","data":"Terror"},{"floor":11,"key":"SMITH","data":"Poisoned Stab"},{"floor":15,"key":"SMITH","data":"Flying Knee"},{"floor":23,"key":"SMITH","data":"Envenom"},{"floor":27,"key":"REST"},{"floor":30,"key":"REST"}],"circlet_count":0,"win_rate":0,"killed_by":"Gremlin Leader"}