{"play_id":"9470ea8b-2c82-4849-a94a-5af7454cfeb3","build_version":"2020-01-27","seed_played":"5587436740331931163","chose_seed":false,"seed_source_timestamp":0,"is_daily":false,"special_seed":0,"is_trial":false,"is_endless":false,"is_ascension_mode":true,"ascension_level":10,"neow_bonus":"BOSS_RELIC","neow_cost":"NONE","is_beta":false,"is_prod":false,"victory":false,"floor_reached":25,"score":356,"timestamp":1701276230,"local_time":"11/29/2023 16:43:50","playtime":789,"player_experience":392664,"master_deck":["AscendersBane","Strike_G","Strike_G","Strike_G","Strike_G","Defend_G","Defend_G","Defend_G","Defend_G","Survivor","Neutralize","Predator","Poisoned Stab","Skewer+1","Deadly Poison+1","Malaise+1","Crippling Poison","Venomology","Footwork","Choke"],"relics":["Velvet Choker","Question Card","Pear","Paper Crane","Smiling Mask","Black Star","Oddly Smooth Stone","Happy Flower","Toxic Egg 2"],"gold":445,"campfire_rested":1,"campfire_upgraded":3,"purchased_purges":0,"potions_floor_spawned":[1,5,14,24],"potions_floor_usage":[21,21,21,21,21,24,24,25],"current_hp_per_floor":[63,56,56,56,55,55,55,33,43,16,16,15,39,29,29,9,62,48,48,48,46,34,34,16,0],"max_hp_per_floor":[70,70,70,70,70,70,70,70,80,80,80,80,80,80,80,80,80,80,80,80,80,80,80,80,80],"gold_per_floor":[110,110,60,34,54,54,74,100,100,128,128,147,147,179,179,274,274,287,202,301,320,410,410,445,445],"path_per_floor":["M","?","?","$","M","R","M","E","T","E","?","M","R","E","R","B",null,"M","?","?","M","?","R","E","M"],"path_taken":["M","?","?","$","?","R","M","E","T","E","?","?","R","E","R","BOSS","BOSS","M","?","?","?","?","R","E","M"],"items_purchased":["Poisoned Stab"],"item_purchase_floors":[4],"items_purged":[],"items_purged_floors":[],"character_chosen":"THE_SILENT","card_choices":[{"picked":"Predator","not_picked":["All Out Attack","Dodge and Roll"],"floor":1},{"picked":"Skewer","not_picked":["Dagger Throw","Well Laid Plans"],"floor":5},{"picked":"SKIP","not_picked":["Backflip","Bane","Quick Slash"],"floor":7},{"picked":"Deadly Poison","not_picked":["Deflect","Expertise"],"floor":8},{"picked":"SKIP","not_picked":["Flying Knee","Underhanded Strike","Blade Dance","Outmaneuver"],"floor":10},{"picked":"Malaise","not_picked":["Flying Knee","Poisoned Stab","PiercingWail"],"floor":12},{"picked":"Crippling Poison","not_picked":["Calculated Gamble","Slice","Caltrops"],"floor":14},{"picked":"Venomology","not_picked":["Doppelganger","Night Terror","After Image"],"floor":16},{"picked":"SKIP","not_picked":["Dagger Throw+1","Heel Hook","Dodge and Roll+1","Slice"],"floor":18},{"picked":"Footwork","not_picked":["Dagger Spray","Distraction","Acrobatics"],"floor":21},{"picked":"Choke","not_picked":["Flying Knee+1","After Image","Reflex+1"],"floor":24}],"event_choices":[{"event_name":"Golden Wing","player_choice":"Card Removal","floor":2,"cards_obtained":null,"cards_removed":["Strike_G"],"cards_transformed":null,"cards_upgraded":null,"relics_obtained":null,"potions_obtained":null,"relics_lost":null,"damage_taken":7,"damage_healed":0,"max_hp_loss":0,"max_hp_gain":0,"gold_gain":0,"gold_loss":0},{"event_name":"The Cleric","player_choice":"Card Removal","floor":3,"cards_obtained":null,"cards_removed":["Defend_G"],"cards_transformed":null,"cards_upgraded":null,"relics_obtained":null,"potions_obtained":null,"relics_lost":null,"damage_taken":0,"damage_healed":0,"max_hp_loss":0,"max_hp_gain":0,"gold_gain":0,"gold_loss":50},{"event_name":"Lab","player_choice":"Got Potions","floor":11,"cards_obtained":null,"cards_removed":null,"cards_transformed":null,"cards_upgraded":null,"relics_obtained":null,"potions_obtained":null,"relics_lost":null,"damage_taken":0,"damage_healed":0,"max_hp_loss":0,"max_hp_gain":0,"gold_gain":0,"gold_loss":0},{"event_name":"Addict","player_choice":"Obtained Relic","floor":19,"cards_obtained":null,"cards_removed":null,"cards_transformed":null,"cards_upgraded":null,"relics_obtained":["Oddly Smooth Stone"],"potions_obtained":null,"relics_lost":null,"damage_taken":0,"damage_healed":0,"max_hp_loss":0,"max_hp_gain":0,"gold_gain":0,"gold_loss":85},{"event_name":"Nest","player_choice":"Stole From Cult","floor":20,"cards_obtained":null,"cards_removed":null,"cards_transformed":null,"cards_upgraded":null,"relics_obtained":null,"potions_obtained":null,"relics_lost":null,"damage_taken":0,"damage_healed":0,"max_hp_loss":0,"max_hp_gain":0,"gold_gain":99,"gold_loss":0},{"event_name":"Knowing Skull","player_choice":"GOLD ","floor":22,"cards_obtained":[],"cards_removed":null,"cards_transformed":null,"cards_upgraded":null,"relics_obtained":null,"potions_obtained":[],"relics_lost":null,"damage_taken":12,"damage_healed":0,"max_hp_loss":0,"max_hp_gain":0,"gold_gain":90,"gold_loss":0}],"boss_relics":[{"picked":"Black Star","not_picked":["HoveringKite","Fusion Hammer"]}],"damage_taken":[{"floor":1,"enemies":"Jaw Worm","damage":0,"turns":4},{"floor":5,"enemies":"Small Slimes","damage":1,"turns":3},{"floor":7,"enemies":"2 Louse","damage":0,"turns":2},{"floor":8,"enemies":"Gremlin Nob","damage":22,"turns":4},{"floor":10,"enemies":"Lagavulin","damage":27,"turns":5},{"floor":12,"enemies":"Red Slaver","damage":1,"turns":3},{"floor":14,"enemies":"3 Sentries","damage":10,"turns":7},{"floor":16,"enemies":"The Guardian","damage":20,"turns":9},{"floor":18,"enemies":"Chosen","damage":14,"turns":5},{"floor":21,"enemies":"Spheric Guardian","damage":2,"turns":3},{"floor":24,"enemies":"Gremlin Leader","damage":47,"turns":7},{"floor":25,"enemies":"Chosen and Byrds","damage":17,"turns":4}],"potions_obtained":[{"key":"SmokeBomb","floor":1},{"key":"Ancient Potion","floor":5},{"key":"Strength Potion","floor":11},{"key":"EntropicBrew","floor":14},{"key":"Weak Potion","floor":24}],"relics_obtained":[{"key":"Question Card","floor":8},{"key":"Pear","floor":9},{"key":"Paper Crane","floor":10},{"key":"Smiling Mask","floor":14},{"key":"Happy Flower","floor":24},{"key":"Toxic Egg 2","floor":24}],"campfire_choices":[{"floor":6,"key":"SMITH","data":"Skewer"},{"floor":13,"key":"REST"},{"floor":15,"key":"SMITH","data":"Deadly Poison"},{"floor":23,"key":"SMITH","data":"Malaise"}],"circlet_count":0,"win_rate":0,"killed_by":"Chosen and Byrds"}