{"play_id":"39e51dd4-da78-49cd-801d-65c4d6ac54cc","build_version":"2020-01-27","seed_played":"-7281584720321879351","chose_seed":false,"seed_source_timestamp":0,"is_daily":false,"special_seed":0,"is_trial":false,"is_endless":false,"is_ascension_mode":true,"ascension_level":10,"neow_bonus":"THREE_ENEMY_KILL","neow_cost":"NONE","is_beta":false,"is_prod":false,"victory":false,"floor_reached":24,"score":306,"timestamp":1701469729,"local_time":"12/01/2023 22:28:49","playtime":1083,"player_experience":398077,"master_deck":["AscendersBane","Strike_G+1","Strike_G+1","Strike_G+1","Defend_G+1","Defend_G+1","Defend_G+1","Defend_G+1","Survivor+1","Neutralize","PiercingWail","Sucker Punch","A Thousand Cuts","Blade Dance","Noxious Fumes","Sucker Punch","Die Die Die","Leg Sweep","Noxious Fumes","PiercingWail+1"],"relics":["Ring of the Snake","NeowsBlessing","Peace Pipe","Unceasing Top","The Specimen","Lee's Waffle","WristBlade","Strawberry","Red Mask"],"gold":58,"campfire_rested":1,"campfire_upgraded":0,"purchased_purges":1,"potions_floor_spawned":[3,8,16,18,19],"potions_floor_usage":[21,21,23],"current_hp_per_floor":[63,63,63,49,44,21,42,4,4,77,77,77,77,77,77,20,63,35,26,33,5,5,2,0],"max_hp_per_floor":[70,70,70,70,70,70,70,70,70,77,77,77,77,77,77,77,77,77,77,84,84,84,84,84],"gold_per_floor":[110,130,147,147,164,194,194,229,229,10,10,40,40,40,40,139,139,157,167,21,47,47,58,58],"path_per_floor":["M","M","M","?","M","E","R","E","T","$","R","?","R","?","R","B",null,"M","M","$","?","?","M","E"],"path_taken":["M","M","M","?","M","E","R","E","T","$","R","?","R","?","R","BOSS","BOSS","M","M","?","?","?","M","E"],"items_purchased":["Lee's Waffle","Strawberry"],"item_purchase_floors":[10,20],"items_purged":["Strike_G"],"items_purged_floors":[10],"character_chosen":"THE_SILENT","card_choices":[{"picked":"PiercingWail","not_picked":["Concentrate","Sucker Punch"],"floor":1},{"picked":"Sucker Punch","not_picked":["Distraction","Outmaneuver"],"floor":2},{"picked":"A Thousand Cuts","not_picked":["Well Laid Plans","Dagger Throw"],"floor":3},{"picked":"Blade Dance","not_picked":["PiercingWail","Endless Agony"],"floor":5},{"picked":"Noxious Fumes","not_picked":["Choke","Dagger Throw"],"floor":6},{"picked":"Sucker Punch","not_picked":["Deadly Poison","Dodge and Roll"],"floor":8},{"picked":"Die Die Die","not_picked":["Doppelganger","Bullet Time"],"floor":16},{"picked":"Leg Sweep","not_picked":["Dagger Spray","Bane"],"floor":18},{"picked":"Noxious Fumes","not_picked":["Acrobatics","Deadly Poison+1"],"floor":19},{"picked":"PiercingWail+1","not_picked":["Distraction+1","Slice"],"floor":21},{"picked":"SKIP","not_picked":["Underhanded Strike","Dodge and Roll+1","Prepared"],"floor":23}],"event_choices":[{"event_name":"Shining Light","player_choice":"Entered Light","floor":4,"cards_obtained":null,"cards_removed":null,"cards_transformed":null,"cards_upgraded":["Survivor","Defend_G"],"relics_obtained":null,"potions_obtained":null,"relics_lost":null,"damage_taken":14,"damage_healed":0,"max_hp_loss":0,"max_hp_gain":0,"gold_gain":0,"gold_loss":0},{"event_name":"Dead Adventurer","player_choice":"Searched '1' times","floor":12,"cards_obtained":null,"cards_removed":null,"cards_transformed":null,"cards_upgraded":null,"relics_obtained":null,"potions_obtained":null,"relics_lost":null,"damage_taken":0,"damage_healed":0,"max_hp_loss":0,"max_hp_gain":0,"gold_gain":30,"gold_loss":0},{"event_name":"Wheel of Change","player_choice":"Cursed","floor":14,"cards_obtained":["Decay"],"cards_removed":null,"cards_transformed":null,"cards_upgraded":null,"relics_obtained":null,"potions_obtained":null,"relics_lost":null,"damage_taken":0,"damage_healed":0,"max_hp_loss":0,"max_hp_gain":0,"gold_gain":0,"gold_loss":0},{"event_name":"Masked Bandits","player_choice":"Fought Bandits","floor":21,"cards_obtained":null,"cards_removed":null,"cards_transformed":null,"cards_upgraded":null,"relics_obtained":null,"potions_obtained":null,"relics_lost":null,"damage_taken":0,"damage_healed":0,"max_hp_loss":0,"max_hp_gain":0,"gold_gain":0,"gold_loss":0},{"event_name":"Back to Basics","player_choice":"Simplicity","floor":22,"cards_obtained":null,"cards_removed":null,"cards_transformed":null,"cards_upgraded":["Strike_G","Strike_G","Strike_G","Defend_G","Defend_G","Defend_G"],"relics_obtained":null,"potions_obtained":null,"relics_lost":null,"damage_taken":0,"damage_healed":0,"max_hp_loss":0,"max_hp_gain":0,"gold_gain":0,"gold_loss":0}],"boss_relics":[{"picked":"WristBlade","not_picked":["Velvet Choker","Snecko Eye"]}],"damage_taken":[{"floor":1,"enemies":"2 Louse","damage":0,"turns":1},{"floor":2,"enemies":"Small Slimes","damage":0,"turns":1},{"floor":3,"enemies":"Cultist","damage":0,"turns":1},{"floor":5,"enemies":"Blue Slaver","damage":5,"turns":5},{"floor":6,"enemies":"3 Sentries","damage":23,"turns":7},{"floor":8,"enemies":"Gremlin Nob","damage":38,"turns":6},{"floor":16,"enemies":"Slime Boss","damage":57,"turns":10},{"floor":18,"enemies":"Spheric Guardian","damage":28,"turns":4},{"floor":19,"enemies":"Chosen","damage":9,"turns":5},{"floor":21,"enemies":"Masked Bandits","damage":28,"turns":4},{"floor":23,"enemies":"Centurion and Healer","damage":3,"turns":8},{"floor":24,"enemies":"Slavers","damage":3,"turns":3}],"potions_obtained":[{"key":"LiquidBronze","floor":3},{"key":"AttackPotion","floor":8},{"key":"PowerPotion","floor":16},{"key":"SteroidPotion","floor":18},{"key":"EssenceOfSteel","floor":19}],"relics_obtained":[{"key":"Peace Pipe","floor":6},{"key":"Unceasing Top","floor":8},{"key":"The Specimen","floor":9},{"key":"Red Mask","floor":21}],"campfire_choices":[{"floor":7,"key":"REST"},{"floor":11,"key":"PURGE","data":"Defend_G"},{"floor":13,"key":"PURGE","data":"Strike_G"},{"floor":15,"key":"PURGE","data":"Decay"}],"circlet_count":0,"win_rate":0,"killed_by":"Slavers"}