{"play_id":"52ae2dad-0e30-4ece-956d-8ca55ed4a0a9","build_version":"2020-01-27","seed_played":"6111394618480912739","chose_seed":false,"seed_source_timestamp":0,"is_daily":false,"special_seed":0,"is_trial":false,"is_endless":false,"is_ascension_mode":true,"ascension_level":10,"neow_bonus":"TEN_PERCENT_HP_BONUS","neow_cost":"NONE","is_beta":false,"is_prod":false,"victory":false,"floor_reached":31,"score":426,"timestamp":1701612851,"local_time":"12/03/2023 14:14:11","playtime":1504,"player_experience":405800,"master_deck":["AscendersBane","Strike_G","Strike_G","Strike_G","Defend_G","Defend_G","Defend_G","Survivor","Neutralize","Blur","Infinite Blades","Blur","Deadly Poison+1","Predator+1","Catalyst+1","Bouncing Flask","Adrenaline","Caltrops+1","Well Laid Plans","Blade Dance+1","Blade Dance+1","Distraction+1","Noxious Fumes"],"relics":["Ring of the Snake","Singing Bowl","Anchor","Vajra","Mercury Hourglass","Empty Cage","Centennial Puzzle","Smiling Mask","Kunai"],"gold":23,"campfire_rested":2,"campfire_upgraded":3,"purchased_purges":3,"potions_floor_spawned":[1,5,6,10,18,21,27],"potions_floor_usage":[6,10,10,18,21,22,22,31],"current_hp_per_floor":[59,59,59,54,54,54,54,54,54,24,24,12,35,35,35,25,64,61,61,45,31,30,19,11,35,35,27,24,24,24,0],"max_hp_per_floor":[77,77,77,77,77,77,77,77,77,77,77,77,77,77,77,77,77,77,77,77,79,81,83,83,83,83,85,85,85,85,85],"gold_per_floor":[113,288,288,305,323,313,313,343,343,368,368,394,394,43,43,139,139,154,17,31,47,67,95,112,112,160,178,197,112,23,23],"path_per_floor":["M","?","?","M","M","M","R","?","T","E","R","E","R","$","R","B",null,"M","$","M","M","M","E","M","R","T","M","M","?","$","E"],"path_taken":["M","?","?","?","M","M","R","?","T","E","R","E","R","$","R","BOSS","M","$","M","M","M","E","M","R","T","M","M","?","$","E"],"items_purchased":["Bouncing Flask","Mercury Hourglass","Well Laid Plans","Noxious Fumes"],"item_purchase_floors":[14,14,19,30],"items_purged":["Strike_G","Doubt","Strike_G"],"items_purged_floors":[14,19,30],"character_chosen":"THE_SILENT","card_choices":[{"picked":"Blur","not_picked":["Quick Slash","Underhanded Strike"],"floor":1},{"picked":"Infinite Blades","not_picked":["Slice","Prepared"],"floor":4},{"picked":"Blur","not_picked":["A Thousand Cuts","Predator"],"floor":5},{"picked":"Deadly Poison","not_picked":["Dodge and Roll","Infinite Blades"],"floor":6},{"picked":"Predator","not_picked":["Bane","Deadly Poison"],"floor":10},{"picked":"Catalyst","not_picked":["Dodge and Roll","Infinite Blades"],"floor":12},{"picked":"Adrenaline","not_picked":["Wraith Form v2","Tools of the Trade"],"floor":16},{"picked":"Caltrops+1","not_picked":["Infinite Blades","Reflex"],"floor":18},{"picked":"Blade Dance+1","not_picked":["Bane","Underhanded Strike+1"],"floor":20},{"picked":"Singing Bowl","not_picked":["Endless Agony","Eviscerate","PiercingWail"],"floor":21},{"picked":"Singing Bowl","not_picked":["Prepared","Acrobatics","Slice"],"floor":22},{"picked":"Singing Bowl","not_picked":["Dagger Throw","Backflip+1","Grand Finale"],"floor":23},{"picked":"Blade Dance+1","not_picked":["Prepared","Outmaneuver"],"floor":24},{"picked":"Singing Bowl","not_picked":["Dagger Spray+1","Backflip","Predator"],"floor":27},{"picked":"Distraction+1","not_picked":["Infinite Blades","Dagger Spray+1"],"floor":28}],"event_choices":[{"event_name":"Liars Game","player_choice":"AGREE","floor":2,"cards_obtained":["Doubt"],"cards_removed":null,"cards_transformed":null,"cards_upgraded":null,"relics_obtained":null,"potions_obtained":null,"relics_lost":null,"damage_taken":0,"damage_healed":0,"max_hp_loss":0,"max_hp_gain":0,"gold_gain":175,"gold_loss":0},{"event_name":"Lab","player_choice":"Got Potions","floor":3,"cards_obtained":null,"cards_removed":null,"cards_transformed":null,"cards_upgraded":null,"relics_obtained":null,"potions_obtained":null,"relics_lost":null,"damage_taken":0,"damage_healed":0,"max_hp_loss":0,"max_hp_gain":0,"gold_gain":0,"gold_loss":0},{"event_name":"Dead Adventurer","player_choice":"Searched '1' times","floor":8,"cards_obtained":null,"cards_removed":null,"cards_transformed":null,"cards_upgraded":null,"relics_obtained":null,"potions_obtained":null,"relics_lost":null,"damage_taken":0,"damage_healed":0,"max_hp_loss":0,"max_hp_gain":0,"gold_gain":30,"gold_loss":0},{"event_name":"Addict","player_choice":"Obtained Relic","floor":29,"cards_obtained":null,"cards_removed":null,"cards_transformed":null,"cards_upgraded":null,"relics_obtained":["Kunai"],"potions_obtained":null,"relics_lost":null,"damage_taken":0,"damage_healed":0,"max_hp_loss":0,"max_hp_gain":0,"gold_gain":0,"gold_loss":85}],"boss_relics":[{"picked":"Empty Cage","not_picked":["Busted Crown","Velvet Choker"]}],"damage_taken":[{"floor":1,"enemies":"Jaw Worm","damage":11,"turns":7},{"floor":4,"enemies":"2 Louse","damage":5,"turns":5},{"floor":5,"enemies":"Cultist","damage":0,"turns":4},{"floor":6,"enemies":"Exordium Thugs","damage":0,"turns":4},{"floor":10,"enemies":"Gremlin Nob","damage":30,"turns":4},{"floor":12,"enemies":"Lagavulin","damage":12,"turns":7},{"floor":16,"enemies":"The Guardian","damage":10,"turns":8},{"floor":18,"enemies":"3 Byrds","damage":3,"turns":2},{"floor":20,"enemies":"2 Thieves","damage":16,"turns":4},{"floor":21,"enemies":"Centurion and Healer","damage":16,"turns":4},{"floor":22,"enemies":"Snecko","damage":3,"turns":3},{"floor":23,"enemies":"Gremlin Leader","damage":13,"turns":5},{"floor":24,"enemies":"Chosen and Byrds","damage":8,"turns":5},{"floor":27,"enemies":"3 Cultists","damage":10,"turns":5},{"floor":28,"enemies":"Centurion and Healer","damage":3,"turns":5},{"floor":31,"enemies":"Book of Stabbing","damage":30,"turns":4}],"potions_obtained":[{"key":"Strength Potion","floor":1},{"key":"LiquidBronze","floor":3},{"key":"SneckoOil","floor":3},{"key":"Block Potion","floor":5},{"key":"CunningPotion","floor":6},{"key":"ColorlessPotion","floor":10},{"key":"Poison Potion","floor":18},{"key":"Energy Potion","floor":21},{"key":"PowerPotion","floor":27}],"relics_obtained":[{"key":"Singing Bowl","floor":9},{"key":"Anchor","floor":10},{"key":"Vajra","floor":12},{"key":"Centennial Puzzle","floor":23},{"key":"Smiling Mask","floor":26}],"campfire_choices":[{"floor":7,"key":"SMITH","data":"Deadly Poison"},{"floor":11,"key":"SMITH","data":"Predator"},{"floor":13,"key":"REST"},{"floor":15,"key":"SMITH","data":"Catalyst"},{"floor":25,"key":"REST"}],"circlet_count":0,"win_rate":0,"killed_by":"Book of Stabbing"}