{"play_id":"7323b19c-78ed-4b50-a8ed-a7ced275b3ae","build_version":"2020-01-27","seed_played":"901537972869692203","chose_seed":false,"seed_source_timestamp":277721240065,"is_daily":false,"special_seed":null,"is_trial":false,"is_endless":false,"is_ascension_mode":true,"ascension_level":10,"neow_bonus":"BOSS_RELIC","neow_cost":"NONE","is_beta":false,"is_prod":false,"victory":false,"floor_reached":16,"score":150,"timestamp":1701394943,"local_time":"12/01/2023 01:42:23","playtime":382,"player_experience":395994,"master_deck":["AscendersBane","Strike_G","Strike_G","Strike_G","Strike_G","Strike_G","Defend_G","Defend_G","Defend_G","Defend_G","Defend_G","Survivor","Neutralize+1","Slice","Doubt","Infinite Blades+1","PiercingWail","Backflip","Choke"],"relics":["WristBlade","Tiny Chest","Omamori","Old Coin","Golden Idol","White Beast Statue"],"gold":609,"campfire_rested":1,"campfire_upgraded":2,"purchased_purges":0,"potions_floor_spawned":[5,6,11,13],"potions_floor_usage":[6,8,16,16],"current_hp_per_floor":[61,61,43,43,28,8,8,2,2,23,20,20,13,2,2,0],"max_hp_per_floor":[70,70,70,70,70,70,70,70,70,70,70,70,70,70,70,70],"gold_per_floor":[109,284,284,53,66,397,397,421,491,491,516,516,534,609,609,609],"path_per_floor":["M","?","?","$","M","E","?","M","T","R","M","R","M","?","R","B"],"path_taken":["M","?","?","$","M","E","?","M","T","R","M","R","M","?","R","BOSS"],"items_purchased":["Infinite Blades","Omamori"],"item_purchase_floors":[4,4],"items_purged":[],"items_purged_floors":[],"character_chosen":"THE_SILENT","card_choices":[{"picked":"Slice","not_picked":["Underhanded Strike","Quick Slash"],"floor":1},{"picked":"PiercingWail","not_picked":["Bane","Dash"],"floor":5},{"picked":"Backflip","not_picked":["Bane","Die Die Die"],"floor":6},{"picked":"SKIP","not_picked":["PiercingWail","Acrobatics","Heel Hook"],"floor":8},{"picked":"Choke","not_picked":["Noxious Fumes","Distraction"],"floor":11},{"picked":"SKIP","not_picked":["PiercingWail","Dodge and Roll","Deflect"],"floor":13}],"event_choices":[{"event_name":"Liars Game","player_choice":"AGREE","floor":2,"cards_obtained":["Doubt"],"cards_removed":null,"cards_transformed":null,"cards_upgraded":null,"relics_obtained":null,"potions_obtained":null,"relics_lost":null,"damage_taken":0,"damage_healed":0,"max_hp_loss":0,"max_hp_gain":0,"gold_gain":175,"gold_loss":0},{"event_name":"Scrap Ooze","player_choice":"Success","floor":3,"cards_obtained":null,"cards_removed":null,"cards_transformed":null,"cards_upgraded":null,"relics_obtained":["Tiny Chest"],"potions_obtained":null,"relics_lost":null,"damage_taken":18,"damage_healed":0,"max_hp_loss":0,"max_hp_gain":0,"gold_gain":0,"gold_loss":0},{"event_name":"Golden Idol","player_choice":"Take Wound","floor":7,"cards_obtained":["Injury"],"cards_removed":null,"cards_transformed":null,"cards_upgraded":null,"relics_obtained":["Golden Idol"],"potions_obtained":null,"relics_lost":null,"damage_taken":0,"damage_healed":0,"max_hp_loss":0,"max_hp_gain":0,"gold_gain":0,"gold_loss":0},{"event_name":"World of Goop","player_choice":"Gather Gold","floor":14,"cards_obtained":null,"cards_removed":null,"cards_transformed":null,"cards_upgraded":null,"relics_obtained":null,"potions_obtained":null,"relics_lost":null,"damage_taken":11,"damage_healed":0,"max_hp_loss":0,"max_hp_gain":0,"gold_gain":75,"gold_loss":0}],"boss_relics":[],"damage_taken":[{"floor":1,"enemies":"2 Louse","damage":2,"turns":2},{"floor":5,"enemies":"Small Slimes","damage":15,"turns":5},{"floor":6,"enemies":"Gremlin Nob","damage":20,"turns":5},{"floor":8,"enemies":"Cultist","damage":6,"turns":4},{"floor":11,"enemies":"Looter","damage":3,"turns":3},{"floor":13,"enemies":"Exordium Wildlife","damage":7,"turns":4},{"floor":16,"enemies":"The Guardian","damage":12,"turns":2}],"potions_obtained":[{"key":"LiquidBronze","floor":5},{"key":"Explosive Potion","floor":6},{"key":"Energy Potion","floor":11},{"key":"Strength Potion","floor":13}],"relics_obtained":[{"key":"Old Coin","floor":6},{"key":"White Beast Statue","floor":9}],"campfire_choices":[{"floor":10,"key":"REST"},{"floor":12,"key":"SMITH","data":"Infinite Blades"},{"floor":15,"key":"SMITH","data":"Neutralize"}],"circlet_count":0,"win_rate":0,"killed_by":"The Guardian"}