{"play_id":"aebfb2ae-19ef-4a08-9e99-94e138ab65f5","build_version":"2020-01-27","seed_played":"6529523892495147132","chose_seed":false,"seed_source_timestamp":0,"is_daily":false,"special_seed":0,"is_trial":false,"is_endless":false,"is_ascension_mode":true,"ascension_level":10,"neow_bonus":"ONE_RANDOM_RARE_CARD","neow_cost":"NONE","is_beta":false,"is_prod":false,"victory":false,"floor_reached":16,"score":168,"timestamp":1701307453,"local_time":"11/30/2023 01:24:13","playtime":582,"player_experience":393453,"master_deck":["AscendersBane","Strike_G","Strike_G","Strike_G","Strike_G","Defend_G","Defend_G","Defend_G","Defend_G","Defend_G","Survivor","Neutralize","After Image","Slice","Die Die Die","Underhanded Strike","Slice","Slice","Finisher+1","Choke","Corpse Explosion+1","Infinite Blades"],"relics":["Ring of the Snake","Boot","Bag of Preparation","Strawberry","Blue Candle","Oddly Smooth Stone"],"gold":39,"campfire_rested":0,"campfire_upgraded":2,"purchased_purges":1,"potions_floor_spawned":[4,5,6,11,13],"potions_floor_usage":[16],"current_hp_per_floor":[60,60,60,56,53,37,37,37,44,32,32,32,28,28,28,0],"max_hp_per_floor":[70,70,70,70,70,70,70,70,77,77,77,77,77,77,77,77],"gold_per_floor":[115,138,138,158,169,202,202,215,242,272,283,19,39,39,39,39],"path_per_floor":["M","T","?","M","M","E","R","M","T","E","M","$","M","$","R","B"],"path_taken":["M","?","?","?","M","E","R","?","T","E","M","$","M","?","R","BOSS"],"items_purchased":["Infinite Blades","Oddly Smooth Stone"],"item_purchase_floors":[12,12],"items_purged":["Strike_G"],"items_purged_floors":[12],"character_chosen":"THE_SILENT","card_choices":[{"picked":"Slice","not_picked":["Acrobatics","Quick Slash"],"floor":1},{"picked":"Slice","not_picked":["All Out Attack","Distraction"],"floor":4},{"picked":"Slice","not_picked":["Calculated Gamble","Catalyst"],"floor":5},{"picked":"Finisher","not_picked":["All Out Attack","Outmaneuver"],"floor":6},{"picked":"Choke","not_picked":["Outmaneuver","Acrobatics"],"floor":8},{"picked":"Corpse Explosion","not_picked":["Deflect","Backflip"],"floor":10},{"picked":"SKIP","not_picked":["Caltrops","Prepared","Slice"],"floor":11},{"picked":"SKIP","not_picked":["Tactician","Distraction","Prepared"],"floor":13}],"event_choices":[{"event_name":"Match and Keep!","player_choice":"2 cards matched","floor":3,"cards_obtained":["Die Die Die","Underhanded Strike"],"cards_removed":null,"cards_transformed":null,"cards_upgraded":null,"relics_obtained":null,"potions_obtained":null,"relics_lost":null,"damage_taken":0,"damage_healed":0,"max_hp_loss":0,"max_hp_gain":0,"gold_gain":0,"gold_loss":0}],"boss_relics":[],"damage_taken":[{"floor":1,"enemies":"Cultist","damage":3,"turns":6},{"floor":4,"enemies":"Jaw Worm","damage":4,"turns":2},{"floor":5,"enemies":"Small Slimes","damage":3,"turns":3},{"floor":6,"enemies":"3 Sentries","damage":16,"turns":10},{"floor":8,"enemies":"3 Louse","damage":0,"turns":2},{"floor":10,"enemies":"Lagavulin","damage":12,"turns":7},{"floor":11,"enemies":"Looter","damage":0,"turns":1},{"floor":13,"enemies":"Blue Slaver","damage":4,"turns":4},{"floor":16,"enemies":"Hexaghost","damage":29,"turns":9}],"potions_obtained":[{"key":"Weak Potion","floor":4},{"key":"Block Potion","floor":5},{"key":"SkillPotion","floor":6},{"key":"SteroidPotion","floor":11},{"key":"SmokeBomb","floor":13}],"relics_obtained":[{"key":"Boot","floor":2},{"key":"Bag of Preparation","floor":6},{"key":"Strawberry","floor":9},{"key":"Blue Candle","floor":10}],"campfire_choices":[{"floor":7,"key":"SMITH","data":"Finisher"},{"floor":15,"key":"SMITH","data":"Corpse Explosion"}],"circlet_count":0,"win_rate":0,"killed_by":"Hexaghost"}