{"play_id":"ac8ab804-de0e-4086-8be3-fdcf1c5d022b","build_version":"2020-01-27","seed_played":"4787386179501328510","chose_seed":false,"seed_source_timestamp":2055272055768,"is_daily":false,"special_seed":null,"is_trial":false,"is_endless":false,"is_ascension_mode":true,"ascension_level":10,"neow_bonus":"ONE_RANDOM_RARE_CARD","neow_cost":"NONE","is_beta":false,"is_prod":false,"victory":false,"floor_reached":16,"score":150,"timestamp":1701743194,"local_time":"12/05/2023 02:26:34","playtime":703,"player_experience":409830,"master_deck":["AscendersBane","Strike_G","Strike_G","Strike_G","Strike_G+1","Defend_G","Defend_G","Defend_G","Defend_G","Survivor","Neutralize","Phantasmal Killer+1","Predator","Predator","PiercingWail","Sucker Punch","Poisoned Stab","Burst+1","Deflect"],"relics":["Ring of the Snake","Bottled Flame","Pen Nib"],"gold":96,"campfire_rested":0,"campfire_upgraded":3,"purchased_purges":1,"potions_floor_spawned":[1],"potions_floor_usage":[6],"current_hp_per_floor":[63,63,63,59,59,27,15,15,15,38,38,32,32,21,21,0],"max_hp_per_floor":[70,70,70,70,70,70,70,70,70,70,70,70,70,70,70,70],"gold_per_floor":[111,2,2,14,14,46,65,65,65,65,65,79,79,96,96,96],"path_per_floor":["M","$","?","M","$","E","M","R","T","?","R","M","?","M","R","B"],"path_taken":["M","$","?","?","$","E","M","R","T","?","R","M","?","?","R","BOSS"],"items_purchased":["Predator"],"item_purchase_floors":[2],"items_purged":["Defend_G"],"items_purged_floors":[2],"character_chosen":"THE_SILENT","card_choices":[{"picked":"Predator","not_picked":["PiercingWail","Leg Sweep"],"floor":1},{"picked":"SKIP","not_picked":["Flechettes","Expertise","Distraction"],"floor":4},{"picked":"PiercingWail","not_picked":["Leg Sweep","Dash"],"floor":6},{"picked":"Sucker Punch","not_picked":["Dodge and Roll","Outmaneuver"],"floor":7},{"picked":"Poisoned Stab","not_picked":["All Out Attack","Escape Plan"],"floor":12},{"picked":"Deflect","not_picked":["Skewer","Reflex"],"floor":14}],"event_choices":[{"event_name":"Bonfire Elementals","player_choice":"Offered Basic","floor":3,"cards_obtained":null,"cards_removed":["Strike_G"],"cards_transformed":null,"cards_upgraded":null,"relics_obtained":null,"potions_obtained":null,"relics_lost":null,"damage_taken":0,"damage_healed":0,"max_hp_loss":0,"max_hp_gain":0,"gold_gain":0,"gold_loss":0},{"event_name":"Big Fish","player_choice":"Banana","floor":10,"cards_obtained":null,"cards_removed":null,"cards_transformed":null,"cards_upgraded":null,"relics_obtained":null,"potions_obtained":null,"relics_lost":null,"damage_taken":0,"damage_healed":23,"max_hp_loss":0,"max_hp_gain":0,"gold_gain":0,"gold_loss":0},{"event_name":"Match and Keep!","player_choice":"1 cards matched","floor":13,"cards_obtained":["Burst"],"cards_removed":null,"cards_transformed":null,"cards_upgraded":null,"relics_obtained":null,"potions_obtained":null,"relics_lost":null,"damage_taken":0,"damage_healed":0,"max_hp_loss":0,"max_hp_gain":0,"gold_gain":0,"gold_loss":0}],"boss_relics":[],"damage_taken":[{"floor":1,"enemies":"2 Louse","damage":0,"turns":4},{"floor":4,"enemies":"Cultist","damage":4,"turns":3},{"floor":6,"enemies":"3 Sentries","damage":32,"turns":7},{"floor":7,"enemies":"Jaw Worm","damage":12,"turns":2},{"floor":12,"enemies":"Blue Slaver","damage":6,"turns":3},{"floor":14,"enemies":"Gremlin Gang","damage":11,"turns":4},{"floor":16,"enemies":"Hexaghost","damage":27,"turns":10}],"potions_obtained":[{"key":"Fire Potion","floor":1}],"relics_obtained":[{"key":"Bottled Flame","floor":6},{"key":"Pen Nib","floor":9}],"campfire_choices":[{"floor":8,"key":"SMITH","data":"Phantasmal Killer"},{"floor":11,"key":"SMITH","data":"Strike_G"},{"floor":15,"key":"SMITH","data":"Burst"}],"circlet_count":0,"win_rate":0,"killed_by":"Hexaghost"}