{"play_id":"122cb7ca-bde5-4e35-b4f1-b8657449fd69","build_version":"2020-01-27","seed_played":"-7345396618495604816","chose_seed":false,"seed_source_timestamp":749351445196,"is_daily":false,"special_seed":null,"is_trial":false,"is_endless":false,"is_ascension_mode":true,"ascension_level":10,"neow_bonus":"THREE_ENEMY_KILL","neow_cost":"NONE","is_beta":false,"is_prod":false,"victory":false,"floor_reached":22,"score":326,"timestamp":1702659526,"local_time":"12/15/2023 16:58:46","playtime":566,"player_experience":415463,"master_deck":["AscendersBane","Strike_G","Strike_G","Strike_G","Strike_G","Strike_G","Defend_G","Defend_G","Defend_G","Defend_G","Defend_G","Survivor","Neutralize","Sucker Punch","Bouncing Flask+1","Catalyst+1","Slice","Poisoned Stab","Backflip","Footwork","Malaise","Poisoned Stab","PiercingWail"],"relics":["Ring of the Snake","NeowsBlessing","Smiling Mask","Golden Idol","PreservedInsect","Pantograph","Pen Nib","Snake Skull","Black Star","Dream Catcher"],"gold":308,"campfire_rested":1,"campfire_upgraded":2,"purchased_purges":1,"potions_floor_spawned":[8,12,16,18],"potions_floor_usage":[16,20,20],"current_hp_per_floor":[63,52,52,40,23,23,23,23,23,23,23,3,24,24,24,21,58,46,46,31,31,0],"max_hp_per_floor":[70,70,70,70,70,70,70,70,70,70,70,70,70,70,70,70,70,70,70,70,70,70],"gold_per_floor":[111,186,361,361,361,402,26,50,74,74,88,129,129,152,152,271,271,286,194,209,308,308],"path_per_floor":["M","?","?","?","?","E","$","M","T","R","M","E","R","M","R","B",null,"M","?","M","?","M"],"path_taken":["M","?","?","?","?","E","?","M","T","R","M","E","R","M","R","BOSS","M","?","?","?","M"],"items_purchased":["Pantograph","Catalyst"],"item_purchase_floors":[7,7],"items_purged":["Doubt"],"items_purged_floors":[7],"character_chosen":"THE_SILENT","card_choices":[{"picked":"Sucker Punch","not_picked":["Outmaneuver","Bane"],"floor":1},{"picked":"Bouncing Flask","not_picked":["Poisoned Stab","Malaise"],"floor":6},{"picked":"Slice","not_picked":["Dagger Spray","Tactician"],"floor":8},{"picked":"Poisoned Stab","not_picked":["Bouncing Flask","Bane"],"floor":11},{"picked":"Backflip","not_picked":["Deflect","Well Laid Plans"],"floor":12},{"picked":"Footwork","not_picked":["Dagger Throw","Reflex"],"floor":14},{"picked":"Malaise","not_picked":["Tools of the Trade","Wraith Form v2"],"floor":16},{"picked":"Poisoned Stab","not_picked":["Sucker Punch","Deadly Poison"],"floor":18},{"picked":"PiercingWail","not_picked":["Skewer","Dagger Throw+1"],"floor":20}],"event_choices":[{"event_name":"World of Goop","player_choice":"Gather Gold","floor":2,"cards_obtained":null,"cards_removed":null,"cards_transformed":null,"cards_upgraded":null,"relics_obtained":null,"potions_obtained":null,"relics_lost":null,"damage_taken":11,"damage_healed":0,"max_hp_loss":0,"max_hp_gain":0,"gold_gain":75,"gold_loss":0},{"event_name":"Liars Game","player_choice":"AGREE","floor":3,"cards_obtained":["Doubt"],"cards_removed":null,"cards_transformed":null,"cards_upgraded":null,"relics_obtained":null,"potions_obtained":null,"relics_lost":null,"damage_taken":0,"damage_healed":0,"max_hp_loss":0,"max_hp_gain":0,"gold_gain":175,"gold_loss":0},{"event_name":"Scrap Ooze","player_choice":"Success","floor":4,"cards_obtained":null,"cards_removed":null,"cards_transformed":null,"cards_upgraded":null,"relics_obtained":["Smiling Mask"],"potions_obtained":null,"relics_lost":null,"damage_taken":12,"damage_healed":0,"max_hp_loss":0,"max_hp_gain":0,"gold_gain":0,"gold_loss":0},{"event_name":"Golden Idol","player_choice":"Take Damage","floor":5,"cards_obtained":null,"cards_removed":null,"cards_transformed":null,"cards_upgraded":null,"relics_obtained":["Golden Idol"],"potions_obtained":null,"relics_lost":null,"damage_taken":17,"damage_healed":0,"max_hp_loss":0,"max_hp_gain":0,"gold_gain":0,"gold_loss":0},{"event_name":"WeMeetAgain","player_choice":"Paid Gold","floor":19,"cards_obtained":null,"cards_removed":null,"cards_transformed":null,"cards_upgraded":null,"relics_obtained":["Dream Catcher"],"potions_obtained":null,"relics_lost":null,"damage_taken":0,"damage_healed":0,"max_hp_loss":0,"max_hp_gain":0,"gold_gain":0,"gold_loss":92},{"event_name":"Nest","player_choice":"Stole From Cult","floor":21,"cards_obtained":null,"cards_removed":null,"cards_transformed":null,"cards_upgraded":null,"relics_obtained":null,"potions_obtained":null,"relics_lost":null,"damage_taken":0,"damage_healed":0,"max_hp_loss":0,"max_hp_gain":0,"gold_gain":99,"gold_loss":0}],"boss_relics":[{"picked":"Black Star","not_picked":["SlaversCollar","Empty Cage"]}],"damage_taken":[{"floor":1,"enemies":"Jaw Worm","damage":0,"turns":1},{"floor":6,"enemies":"3 Sentries","damage":0,"turns":1},{"floor":8,"enemies":"2 Louse","damage":0,"turns":1},{"floor":11,"enemies":"Cultist","damage":0,"turns":3},{"floor":12,"enemies":"Lagavulin","damage":20,"turns":5},{"floor":14,"enemies":"Looter","damage":0,"turns":3},{"floor":16,"enemies":"Hexaghost","damage":28,"turns":9},{"floor":18,"enemies":"Chosen","damage":12,"turns":5},{"floor":20,"enemies":"2 Thieves","damage":15,"turns":4},{"floor":22,"enemies":"Shelled Parasite and Fungi","damage":37,"turns":4}],"potions_obtained":[{"key":"EssenceOfSteel","floor":8},{"key":"CultistPotion","floor":12},{"key":"SteroidPotion","floor":16},{"key":"Energy Potion","floor":18}],"relics_obtained":[{"key":"PreservedInsect","floor":6},{"key":"Pen Nib","floor":9},{"key":"Snake Skull","floor":12}],"campfire_choices":[{"floor":10,"key":"SMITH","data":"Bouncing Flask"},{"floor":13,"key":"REST"},{"floor":15,"key":"SMITH","data":"Catalyst"}],"circlet_count":0,"win_rate":0,"killed_by":"Shelled Parasite and Fungi"}