{"play_id":"f5849d6f-5aad-458c-8051-4f60ac6a25f8","build_version":"2020-01-27","seed_played":"-3591805330435428124","chose_seed":false,"seed_source_timestamp":0,"is_daily":false,"special_seed":0,"is_trial":false,"is_endless":false,"is_ascension_mode":true,"ascension_level":10,"neow_bonus":"ONE_RARE_RELIC","neow_cost":"CURSE","is_beta":false,"is_prod":false,"victory":false,"floor_reached":8,"score":78,"timestamp":1702507364,"local_time":"12/13/2023 22:42:44","playtime":131,"player_experience":412145,"master_deck":["AscendersBane","Strike_G","Strike_G","Strike_G","Strike_G","Defend_G","Defend_G","Defend_G","Defend_G","Defend_G","Survivor","Neutralize","Slice"],"relics":["Ring of the Snake","Unceasing Top","Golden Idol"],"gold":139,"campfire_rested":1,"campfire_upgraded":0,"purchased_purges":0,"potions_floor_spawned":[1,6],"potions_floor_usage":[6],"current_hp_per_floor":[62,62,45,38,27,7,28,28],"max_hp_per_floor":[70,70,70,70,70,70,70,70],"gold_per_floor":[114,64,64,64,139,139,139,139],"path_per_floor":["M","?","?","?","?","E","R","E"],"path_taken":["M","?","?","?","?","E","R","E"],"items_purchased":[],"item_purchase_floors":[],"items_purged":[],"items_purged_floors":[],"character_chosen":"THE_SILENT","card_choices":[{"picked":"Slice","not_picked":["Flechettes","Prepared"],"floor":1}],"event_choices":[{"event_name":"The Cleric","player_choice":"Card Removal","floor":2,"cards_obtained":null,"cards_removed":["Regret"],"cards_transformed":null,"cards_upgraded":null,"relics_obtained":null,"potions_obtained":null,"relics_lost":null,"damage_taken":0,"damage_healed":0,"max_hp_loss":0,"max_hp_gain":0,"gold_gain":0,"gold_loss":50},{"event_name":"Golden Idol","player_choice":"Take Damage","floor":3,"cards_obtained":null,"cards_removed":null,"cards_transformed":null,"cards_upgraded":null,"relics_obtained":["Golden Idol"],"potions_obtained":null,"relics_lost":null,"damage_taken":17,"damage_healed":0,"max_hp_loss":0,"max_hp_gain":0,"gold_gain":0,"gold_loss":0},{"event_name":"Golden Wing","player_choice":"Card Removal","floor":4,"cards_obtained":null,"cards_removed":["Strike_G"],"cards_transformed":null,"cards_upgraded":null,"relics_obtained":null,"potions_obtained":null,"relics_lost":null,"damage_taken":7,"damage_healed":0,"max_hp_loss":0,"max_hp_gain":0,"gold_gain":0,"gold_loss":0},{"event_name":"World of Goop","player_choice":"Gather Gold","floor":5,"cards_obtained":null,"cards_removed":null,"cards_transformed":null,"cards_upgraded":null,"relics_obtained":null,"potions_obtained":null,"relics_lost":null,"damage_taken":11,"damage_healed":0,"max_hp_loss":0,"max_hp_gain":0,"gold_gain":75,"gold_loss":0}],"boss_relics":[],"damage_taken":[{"floor":1,"enemies":"Jaw Worm","damage":1,"turns":3},{"floor":6,"enemies":"3 Sentries","damage":20,"turns":4},{"floor":8,"enemies":"Gremlin Nob","damage":0,"turns":1}],"potions_obtained":[{"key":"SmokeBomb","floor":1}],"relics_obtained":[],"campfire_choices":[{"floor":7,"key":"REST"}],"circlet_count":0,"win_rate":0,"killed_by":"Gremlin Nob"}