{"play_id":"1238ba7e-fab2-4e11-9469-2465f759b969","build_version":"2020-01-27","seed_played":"33159181052152593","chose_seed":false,"seed_source_timestamp":576256355468,"is_daily":false,"special_seed":null,"is_trial":false,"is_endless":false,"is_ascension_mode":true,"ascension_level":10,"neow_bonus":"BOSS_RELIC","neow_cost":"NONE","is_beta":false,"is_prod":false,"victory":false,"floor_reached":11,"score":110,"timestamp":1702573610,"local_time":"12/14/2023 17:06:50","playtime":327,"player_experience":414696,"master_deck":["AscendersBane","Strike_G","Strike_G","Strike_G","Strike_G","Strike_G","Defend_G","Defend_G","Defend_G","Defend_G","Defend_G","Survivor","Neutralize","Predator","Doubt","Poisoned Stab","Dagger Throw","Bouncing Flask","Bouncing Flask"],"relics":["SacredBark","Ancient Tea Set","Bird Faced Urn","White Beast Statue"],"gold":36,"campfire_rested":0,"campfire_upgraded":0,"purchased_purges":0,"potions_floor_spawned":[1,6],"potions_floor_usage":[6,11],"current_hp_per_floor":[62,62,62,57,42,15,7,7,7,7,0],"max_hp_per_floor":[70,70,70,70,70,70,70,70,70,70,70],"gold_per_floor":[111,286,286,299,313,342,358,71,71,36,36],"path_per_floor":["M","?","?","M","M","E","M","$","T","$","E"],"path_taken":["M","?","?","M","M","E","M","$","T","?","E"],"items_purchased":["Bird Faced Urn","Bouncing Flask"],"item_purchase_floors":[8,10],"items_purged":[],"items_purged_floors":[],"character_chosen":"THE_SILENT","card_choices":[{"picked":"Predator","not_picked":["Leg Sweep","Caltrops"],"floor":1},{"picked":"Poisoned Stab","not_picked":["Backflip","Acrobatics"],"floor":4},{"picked":"Dagger Throw","not_picked":["Endless Agony","Underhanded Strike"],"floor":5},{"picked":"Bouncing Flask","not_picked":["Backflip","Outmaneuver"],"floor":6},{"picked":"SKIP","not_picked":["Sucker Punch","Dagger Throw","Escape Plan"],"floor":7}],"event_choices":[{"event_name":"Liars Game","player_choice":"AGREE","floor":2,"cards_obtained":["Doubt"],"cards_removed":null,"cards_transformed":null,"cards_upgraded":null,"relics_obtained":null,"potions_obtained":null,"relics_lost":null,"damage_taken":0,"damage_healed":0,"max_hp_loss":0,"max_hp_gain":0,"gold_gain":175,"gold_loss":0},{"event_name":"Golden Idol","player_choice":"Ignored","floor":3,"cards_obtained":null,"cards_removed":null,"cards_transformed":null,"cards_upgraded":null,"relics_obtained":null,"potions_obtained":null,"relics_lost":null,"damage_taken":0,"damage_healed":0,"max_hp_loss":0,"max_hp_gain":0,"gold_gain":0,"gold_loss":0}],"boss_relics":[],"damage_taken":[{"floor":1,"enemies":"2 Louse","damage":1,"turns":4},{"floor":4,"enemies":"Small Slimes","damage":5,"turns":4},{"floor":5,"enemies":"Jaw Worm","damage":15,"turns":4},{"floor":6,"enemies":"Lagavulin","damage":27,"turns":6},{"floor":7,"enemies":"Blue Slaver","damage":8,"turns":4},{"floor":11,"enemies":"3 Sentries","damage":15,"turns":2}],"potions_obtained":[{"key":"LiquidMemories","floor":1},{"key":"CultistPotion","floor":6}],"relics_obtained":[{"key":"Ancient Tea Set","floor":6},{"key":"White Beast Statue","floor":9}],"campfire_choices":[],"circlet_count":0,"win_rate":0,"killed_by":"3 Sentries"}