{"play_id":"71748092-8406-413c-a1fb-c6bc27972de4","build_version":"2020-01-27","seed_played":"2599078906227789416","chose_seed":false,"seed_source_timestamp":0,"is_daily":false,"special_seed":0,"is_trial":false,"is_endless":false,"is_ascension_mode":true,"ascension_level":10,"neow_bonus":"TWO_FIFTY_GOLD","neow_cost":"TEN_PERCENT_HP_LOSS","is_beta":false,"is_prod":false,"victory":true,"floor_reached":51,"score":1295,"timestamp":1702773796,"local_time":"12/17/2023 00:43:16","playtime":3254,"player_experience":418003,"master_deck":["AscendersBane","Survivor","Neutralize","Predator","Endless Agony","Blade Dance+1","Catalyst+1","Catalyst+1","Well Laid Plans","Backflip","Adrenaline+1","Outmaneuver","Adrenaline+1","Finisher+1","Burst+1","Riddle With Holes+1","Unload","Poisoned Stab","Slice","Dagger Spray","A Thousand Cuts+1","Adrenaline+1","Setup+1","Endless Agony+1","Backflip+1"],"relics":["Ring of the Snake","ClockworkSouvenir","Dead Branch","Bottled Flame","InkBottle","Vajra","Membership Card","Busted Crown","Orichalcum","White Beast Statue","Snake Skull","Pandora's Box","Paper Crane","DollysMirror","Centennial Puzzle","Dream Catcher","FossilizedHelix","Gremlin Horn","Molten Egg 2","MealTicket","Nunchaku"],"gold":262,"campfire_rested":0,"campfire_upgraded":9,"purchased_purges":3,"potions_floor_spawned":[1,4,13,16,21,25,28,29,30,31,33,35,37,39,40,42,44,47],"potions_floor_usage":[50,50,50],"current_hp_per_floor":[61,54,59,58,58,58,58,33,33,26,26,26,16,16,16,14,55,54,54,54,54,54,48,48,48,48,48,48,48,45,45,45,36,60,60,60,60,60,59,59,59,59,59,59,59,59,59,59,59,13],"max_hp_per_floor":[63,63,68,68,68,68,68,68,68,68,68,68,68,68,68,68,68,68,68,68,68,68,68,68,68,68,68,68,68,68,68,68,68,68,68,68,68,68,68,68,68,68,68,68,68,68,68,68,68,68],"gold_per_floor":[359,359,359,374,103,103,120,155,155,188,188,215,227,9,9,108,108,126,63,63,77,88,122,122,134,205,205,239,254,271,283,283,382,382,401,197,216,67,117,145,145,179,204,224,250,250,262,262,262,262],"path_per_floor":["M","?","?","M","$","R","M","E","T","E","R","T","M","$","R","B","ul","M","$","?","M","M","E","R","M","T","R","E","M","M","M","R","B",null,"M","$","M","$","?","E","R","E","T","M","T","R","M","?","R","B",null],"path_taken":["M","?","?","M","?","R","M","E","T","E","R","?","?","$","R","BOSS","M","$","?","M","M","E","R","M","T","R","E","?","M","M","R","BOSS","M","$","M","$","?","E","R","E","T","M","?","R","M","?","R","BOSS"],"items_purchased":["ClockworkSouvenir","Blade Dance","Membership Card","Backflip","Paper Crane","DollysMirror","Centennial Puzzle","Dream Catcher"],"item_purchase_floors":[5,5,14,14,36,36,38,38],"items_purged":["Strike_G","Strike_G","Strike_G"],"items_purged_floors":[5,14,19],"character_chosen":"THE_SILENT","card_choices":[{"picked":"Predator","not_picked":["Dash","Eviscerate"],"floor":1},{"picked":"Endless Agony","not_picked":["Prepared","Deflect"],"floor":4},{"picked":"SKIP","not_picked":["Deflect","Skewer","Quick Slash"],"floor":7},{"picked":"Catalyst","not_picked":["Quick Slash","Dodge and Roll"],"floor":8},{"picked":"Catalyst","not_picked":["Infinite Blades","Phantasmal Killer"],"floor":10},{"picked":"Well Laid Plans","not_picked":["Quick Slash","Eviscerate"],"floor":13},{"picked":"Adrenaline","not_picked":["Tools of the Trade","Die Die Die"],"floor":16},{"picked":"Outmaneuver","not_picked":[],"floor":18},{"picked":"SKIP","not_picked":["Flying Knee+1"],"floor":21},{"picked":"Finisher","not_picked":[],"floor":22},{"picked":"SKIP","not_picked":["Skewer"],"floor":23},{"picked":"SKIP","not_picked":["Bane"],"floor":25},{"picked":"SKIP","not_picked":["Dodge and Roll"],"floor":28},{"picked":"SKIP","not_picked":["Quick Slash"],"floor":29},{"picked":"SKIP","not_picked":["Dagger Spray"],"floor":30},{"picked":"SKIP","not_picked":["Dagger Spray"],"floor":31},{"picked":"Burst","not_picked":[],"floor":33},{"picked":"SKIP","not_picked":["Bane+1"],"floor":35},{"picked":"SKIP","not_picked":["Predator"],"floor":37},{"picked":"Setup+1","not_picked":[],"floor":39},{"picked":"Endless Agony+1","not_picked":[],"floor":40},{"picked":"SKIP","not_picked":["Backflip+1"],"floor":42},{"picked":"SKIP","not_picked":["Underhanded Strike+1"],"floor":44},{"picked":"Backflip+1","not_picked":[],"floor":47}],"event_choices":[{"event_name":"Golden Wing","player_choice":"Card Removal","floor":2,"cards_obtained":null,"cards_removed":["Defend_G"],"cards_transformed":null,"cards_upgraded":null,"relics_obtained":null,"potions_obtained":null,"relics_lost":null,"damage_taken":7,"damage_healed":0,"max_hp_loss":0,"max_hp_gain":0,"gold_gain":0,"gold_loss":0},{"event_name":"Big Fish","player_choice":"Donut","floor":3,"cards_obtained":null,"cards_removed":null,"cards_transformed":null,"cards_upgraded":null,"relics_obtained":null,"potions_obtained":null,"relics_lost":null,"damage_taken":0,"damage_healed":0,"max_hp_loss":0,"max_hp_gain":5,"gold_gain":0,"gold_loss":0},{"event_name":"Duplicator","player_choice":"Copied","floor":20,"cards_obtained":["Adrenaline"],"cards_removed":null,"cards_transformed":null,"cards_upgraded":null,"relics_obtained":null,"potions_obtained":null,"relics_lost":null,"damage_taken":0,"damage_healed":0,"max_hp_loss":0,"max_hp_gain":0,"gold_gain":0,"gold_loss":0},{"event_name":"MindBloom","player_choice":"Fight","floor":39,"cards_obtained":null,"cards_removed":null,"cards_transformed":null,"cards_upgraded":null,"relics_obtained":null,"potions_obtained":null,"relics_lost":null,"damage_taken":0,"damage_healed":0,"max_hp_loss":0,"max_hp_gain":0,"gold_gain":0,"gold_loss":0},{"event_name":"SensoryStone","player_choice":"Memory 1","floor":48,"cards_obtained":null,"cards_removed":null,"cards_transformed":null,"cards_upgraded":null,"relics_obtained":null,"potions_obtained":null,"relics_lost":null,"damage_taken":0,"damage_healed":0,"max_hp_loss":0,"max_hp_gain":0,"gold_gain":0,"gold_loss":0}],"boss_relics":[{"picked":"Busted Crown","not_picked":["Calling Bell","Snecko Eye"]},{"picked":"Pandora's Box","not_picked":["Tiny House","HoveringKite"]}],"damage_taken":[{"floor":1,"enemies":"2 Louse","damage":2,"turns":3},{"floor":4,"enemies":"Jaw Worm","damage":1,"turns":3},{"floor":7,"enemies":"Small Slimes","damage":0,"turns":2},{"floor":8,"enemies":"3 Sentries","damage":25,"turns":7},{"floor":10,"enemies":"Lagavulin","damage":7,"turns":4},{"floor":13,"enemies":"Red Slaver","damage":10,"turns":2},{"floor":16,"enemies":"Hexaghost","damage":2,"turns":8},{"floor":18,"enemies":"2 Thieves","damage":1,"turns":2},{"floor":21,"enemies":"3 Byrds","damage":0,"turns":2},{"floor":22,"enemies":"Shelled Parasite and Fungi","damage":0,"turns":4},{"floor":23,"enemies":"Slavers","damage":6,"turns":2},{"floor":25,"enemies":"Sentry and Sphere","damage":0,"turns":2},{"floor":28,"enemies":"Gremlin Leader","damage":0,"turns":2},{"floor":29,"enemies":"Snake Plant","damage":0,"turns":3},{"floor":30,"enemies":"Chosen and Byrds","damage":3,"turns":2},{"floor":31,"enemies":"Cultist and Chosen","damage":0,"turns":3},{"floor":33,"enemies":"Champ","damage":9,"turns":3},{"floor":35,"enemies":"Orb Walker","damage":0,"turns":1},{"floor":37,"enemies":"3 Shapes","damage":0,"turns":3},{"floor":39,"enemies":"Mind Bloom Boss Battle","damage":1,"turns":5},{"floor":40,"enemies":"Giant Head","damage":0,"turns":2},{"floor":42,"enemies":"Reptomancer","damage":0,"turns":2},{"floor":44,"enemies":"Writhing Mass","damage":0,"turns":2},{"floor":47,"enemies":"Transient","damage":0,"turns":3},{"floor":50,"enemies":"Awakened One","damage":46,"turns":7}],"potions_obtained":[{"key":"BlessingOfTheForge","floor":1},{"key":"Strength Potion","floor":4},{"key":"PowerPotion","floor":13},{"key":"Energy Potion","floor":16},{"key":"SkillPotion","floor":21},{"key":"Poison Potion","floor":25},{"key":"EssenceOfSteel","floor":28},{"key":"Poison Potion","floor":29},{"key":"PowerPotion","floor":31},{"key":"Poison Potion","floor":33},{"key":"Energy Potion","floor":35}],"relics_obtained":[{"key":"Dead Branch","floor":8},{"key":"Bottled Flame","floor":9},{"key":"InkBottle","floor":10},{"key":"Vajra","floor":12},{"key":"Orichalcum","floor":23},{"key":"White Beast Statue","floor":26},{"key":"Snake Skull","floor":28},{"key":"FossilizedHelix","floor":39},{"key":"Gremlin Horn","floor":40},{"key":"Molten Egg 2","floor":42},{"key":"MealTicket","floor":43},{"key":"Nunchaku","floor":45}],"campfire_choices":[{"floor":6,"key":"SMITH","data":"Blade Dance"},{"floor":11,"key":"SMITH","data":"Catalyst"},{"floor":15,"key":"SMITH","data":"Catalyst"},{"floor":24,"key":"SMITH","data":"Adrenaline"},{"floor":27,"key":"SMITH","data":"Adrenaline"},{"floor":32,"key":"SMITH","data":"Finisher"},{"floor":41,"key":"SMITH","data":"A Thousand Cuts"},{"floor":46,"key":"SMITH","data":"Burst"},{"floor":49,"key":"SMITH","data":"Riddle With Holes"}],"circlet_count":0,"win_rate":0,"killed_by":null}