{"play_id":"70505881-eb2b-4457-9aaa-25b38ab1bc7f","build_version":"2020-01-27","seed_played":"2676796981160042421","chose_seed":false,"seed_source_timestamp":0,"is_daily":false,"special_seed":0,"is_trial":false,"is_endless":false,"is_ascension_mode":true,"ascension_level":10,"neow_bonus":"THREE_ENEMY_KILL","neow_cost":"NONE","is_beta":false,"is_prod":false,"victory":false,"floor_reached":50,"score":987,"timestamp":1702518113,"local_time":"12/14/2023 01:41:53","playtime":2420,"player_experience":412276,"master_deck":["AscendersBane","Strike_G","Defend_G","Defend_G+1","Defend_G","Survivor","Neutralize","Choke+1","Endless Agony","Corpse Explosion+1","PiercingWail","Predator","Envenom+1","Bouncing Flask+1","Grand Finale","Bane","Well Laid Plans+1","Footwork+1","Terror+1","Burst+1","Blade Dance+1","Madness+1","Poisoned Stab+1","Parasite","PiercingWail+1","Blade Dance+1"],"relics":["Ring of the Snake","NeowsBlessing","Mercury Hourglass","Unceasing Top","Centennial Puzzle","Singing Bowl","Boot","TwistedFunnel","Potion Belt","Busted Crown","Ornamental Fan","Question Card","Prayer Wheel","Black Star","InkBottle","War Paint","Eternal Feather","Letter Opener","Happy Flower","Shuriken"],"gold":123,"campfire_rested":4,"campfire_upgraded":6,"purchased_purges":1,"potions_floor_spawned":[1,12,14,16,18,22,30,31,35,41],"potions_floor_usage":[31,33,33,33,41,41,50],"current_hp_per_floor":[63,63,63,63,56,56,56,34,34,20,20,22,22,6,28,20,61,63,63,63,59,47,47,12,36,36,30,30,30,32,22,47,20,70,50,39,39,36,36,36,37,49,49,46,50,15,59,59,74,0],"max_hp_per_floor":[70,70,70,70,70,70,70,70,70,72,72,74,74,74,74,74,74,76,76,76,78,78,78,80,80,80,80,80,80,82,86,86,86,86,88,88,88,90,90,90,92,92,92,94,98,98,98,98,98,98],"gold_per_floor":[117,117,117,127,127,152,152,180,180,206,206,219,62,89,89,191,191,211,211,211,230,250,250,275,275,275,290,319,319,331,349,349,446,446,460,460,460,471,33,33,66,66,66,80,94,123,123,123,123,123],"path_per_floor":["M","?","?","M","?","E","R","E","T","E","R","M","$","E","R","B","ul","M","?","?","M","M","R","E","R","T","M","E","?","M","M","R","B",null,"M","?","?","M","$","R","E","R","T","M","M","E","R","?","R","B"],"path_taken":["M","?","?","?","?","E","R","E","T","E","R","M","$","E","R","BOSS","M","?","?","M","M","R","E","R","T","M","E","?","?","M","R","BOSS","M","?","?","M","$","R","E","R","T","?","M","E","R","?","R","BOSS"],"items_purchased":["TwistedFunnel","InkBottle","GhostInAJar"],"item_purchase_floors":[13,39,39],"items_purged":["Strike_G"],"items_purged_floors":[39],"character_chosen":"THE_SILENT","card_choices":[{"picked":"Choke","not_picked":["Flying Knee","Underhanded Strike"],"floor":1},{"picked":"Endless Agony","not_picked":["Deadly Poison","Deflect"],"floor":4},{"picked":"Corpse Explosion","not_picked":["Deflect","PiercingWail"],"floor":6},{"picked":"PiercingWail","not_picked":["Backflip","Choke"],"floor":8},{"picked":"Singing Bowl","not_picked":["Concentrate","Reflex","Dodge and Roll"],"floor":10},{"picked":"Singing Bowl","not_picked":["Tactician","Prepared","Riddle With Holes"],"floor":12},{"picked":"Predator","not_picked":["PiercingWail","Dash"],"floor":14},{"picked":"Envenom","not_picked":["Unload","Tools of the Trade"],"floor":16},{"picked":"Singing Bowl","not_picked":["Flechettes"],"floor":18},{"picked":"Singing Bowl","not_picked":["Choke"],"floor":21},{"picked":"Bane","not_picked":[],"floor":22},{"picked":"Singing Bowl","not_picked":["Quick Slash"],"floor":24},{"picked":"Well Laid Plans","not_picked":["Dodge and Roll"],"floor":27},{"picked":"Footwork+1","not_picked":["Concentrate"],"floor":28},{"picked":"Singing Bowl","not_picked":["Sucker Punch","Infinite Blades+1"],"floor":30},{"picked":"Terror+1","not_picked":["Backflip+1"],"floor":30},{"picked":"Singing Bowl","not_picked":["Caltrops+1","Riddle With Holes+1"],"floor":31},{"picked":"Singing Bowl","not_picked":["Backstab+1","Backflip"],"floor":31},{"picked":"Burst","not_picked":["A Thousand Cuts"],"floor":33},{"picked":"Blade Dance+1","not_picked":["Masterful Stab"],"floor":35},{"picked":"SKIP","not_picked":["Skewer","Riddle With Holes"],"floor":35},{"picked":"Singing Bowl","not_picked":["Skewer","Riddle With Holes"],"floor":35},{"picked":"Singing Bowl","not_picked":["Quick Slash","Dodge and Roll"],"floor":38},{"picked":"Poisoned Stab+1","not_picked":["Sucker Punch+1"],"floor":38},{"picked":"Singing Bowl","not_picked":["Well Laid Plans+1","Dash+1"],"floor":41},{"picked":"Singing Bowl","not_picked":["Dagger Spray+1","Escape Plan"],"floor":44},{"picked":"PiercingWail+1","not_picked":["Heel Hook"],"floor":44},{"picked":"Singing Bowl","not_picked":["Dagger Throw+1","Quick Slash"],"floor":45},{"picked":"Singing Bowl","not_picked":["Concentrate+1","Prepared+1"],"floor":45},{"picked":"Blade Dance+1","not_picked":["Leg Sweep+1"],"floor":46}],"event_choices":[{"event_name":"Living Wall","player_choice":"Forget","floor":2,"cards_obtained":null,"cards_removed":["Strike_G"],"cards_transformed":null,"cards_upgraded":null,"relics_obtained":null,"potions_obtained":null,"relics_lost":null,"damage_taken":0,"damage_healed":0,"max_hp_loss":0,"max_hp_gain":0,"gold_gain":0,"gold_loss":0},{"event_name":"Bonfire Elementals","player_choice":"Offered Basic","floor":3,"cards_obtained":null,"cards_removed":["Defend_G"],"cards_transformed":null,"cards_upgraded":null,"relics_obtained":null,"potions_obtained":null,"relics_lost":null,"damage_taken":0,"damage_healed":0,"max_hp_loss":0,"max_hp_gain":0,"gold_gain":0,"gold_loss":0},{"event_name":"Scrap Ooze","player_choice":"Success","floor":5,"cards_obtained":null,"cards_removed":null,"cards_transformed":null,"cards_upgraded":null,"relics_obtained":["Mercury Hourglass"],"potions_obtained":null,"relics_lost":null,"damage_taken":7,"damage_healed":0,"max_hp_loss":0,"max_hp_gain":0,"gold_gain":0,"gold_loss":0},{"event_name":"Drug Dealer","player_choice":"Became Test Subject","floor":19,"cards_obtained":["Bouncing Flask","Grand Finale"],"cards_removed":null,"cards_transformed":["Strike_G","Defend_G"],"cards_upgraded":null,"relics_obtained":null,"potions_obtained":null,"relics_lost":null,"damage_taken":0,"damage_healed":0,"max_hp_loss":0,"max_hp_gain":0,"gold_gain":0,"gold_loss":0},{"event_name":"Cursed Tome","player_choice":"Ignored","floor":20,"cards_obtained":null,"cards_removed":null,"cards_transformed":null,"cards_upgraded":null,"relics_obtained":null,"potions_obtained":null,"relics_lost":null,"damage_taken":0,"damage_healed":0,"max_hp_loss":0,"max_hp_gain":0,"gold_gain":0,"gold_loss":0},{"event_name":"N'loth","player_choice":"Ignored","floor":29,"cards_obtained":null,"cards_removed":null,"cards_transformed":null,"cards_upgraded":null,"relics_obtained":null,"potions_obtained":null,"relics_lost":null,"damage_taken":0,"damage_healed":0,"max_hp_loss":0,"max_hp_gain":0,"gold_gain":0,"gold_loss":0},{"event_name":"Winding Halls","player_choice":"Embrace Madness","floor":36,"cards_obtained":["Madness","Madness"],"cards_removed":null,"cards_transformed":null,"cards_upgraded":null,"relics_obtained":null,"potions_obtained":null,"relics_lost":null,"damage_taken":11,"damage_healed":0,"max_hp_loss":0,"max_hp_gain":0,"gold_gain":0,"gold_loss":0},{"event_name":"Purifier","player_choice":"Purged","floor":37,"cards_obtained":null,"cards_removed":["Strike_G"],"cards_transformed":null,"cards_upgraded":null,"relics_obtained":null,"potions_obtained":null,"relics_lost":null,"damage_taken":0,"damage_healed":0,"max_hp_loss":0,"max_hp_gain":0,"gold_gain":0,"gold_loss":0},{"event_name":"Falling","player_choice":"Removed Skill","floor":48,"cards_obtained":null,"cards_removed":["Madness"],"cards_transformed":null,"cards_upgraded":null,"relics_obtained":null,"potions_obtained":null,"relics_lost":null,"damage_taken":0,"damage_healed":0,"max_hp_loss":0,"max_hp_gain":0,"gold_gain":0,"gold_loss":0}],"boss_relics":[{"picked":"Busted Crown","not_picked":["Fusion Hammer","Sozu"]},{"picked":"Black Star","not_picked":["SlaversCollar","Coffee Dripper"]}],"damage_taken":[{"floor":1,"enemies":"Small Slimes","damage":0,"turns":1},{"floor":4,"enemies":"2 Louse","damage":0,"turns":1},{"floor":6,"enemies":"3 Sentries","damage":0,"turns":1},{"floor":8,"enemies":"Lagavulin","damage":22,"turns":5},{"floor":10,"enemies":"Gremlin Nob","damage":16,"turns":4},{"floor":12,"enemies":"Cultist","damage":0,"turns":2},{"floor":14,"enemies":"Lagavulin","damage":16,"turns":4},{"floor":16,"enemies":"Hexaghost","damage":8,"turns":8},{"floor":18,"enemies":"Chosen","damage":0,"turns":4},{"floor":21,"enemies":"2 Thieves","damage":6,"turns":3},{"floor":22,"enemies":"Cultist and Chosen","damage":12,"turns":4},{"floor":24,"enemies":"Book of Stabbing","damage":37,"turns":5},{"floor":27,"enemies":"Centurion and Healer","damage":6,"turns":4},{"floor":28,"enemies":"Gremlin Leader","damage":0,"turns":5},{"floor":30,"enemies":"3 Cultists","damage":0,"turns":3},{"floor":31,"enemies":"Snake Plant","damage":14,"turns":2},{"floor":33,"enemies":"Collector","damage":27,"turns":7},{"floor":35,"enemies":"3 Darklings","damage":22,"turns":4},{"floor":38,"enemies":"Orb Walker","damage":5,"turns":2},{"floor":41,"enemies":"Giant Head","damage":1,"turns":6},{"floor":44,"enemies":"Writhing Mass","damage":5,"turns":4},{"floor":45,"enemies":"Jaw Worm Horde","damage":0,"turns":4},{"floor":46,"enemies":"Nemesis","damage":35,"turns":7},{"floor":50,"enemies":"Time Eater","damage":76,"turns":10}],"potions_obtained":[{"key":"Poison Potion","floor":1},{"key":"FearPotion","floor":12},{"key":"Dexterity Potion","floor":14},{"key":"Poison Potion","floor":16},{"key":"Strength Potion","floor":18},{"key":"FearPotion","floor":22},{"key":"DuplicationPotion","floor":30},{"key":"BlessingOfTheForge","floor":31},{"key":"SpeedPotion","floor":35},{"key":"Dexterity Potion","floor":41}],"relics_obtained":[{"key":"Unceasing Top","floor":6},{"key":"Centennial Puzzle","floor":8},{"key":"Singing Bowl","floor":9},{"key":"Boot","floor":10},{"key":"Potion Belt","floor":14},{"key":"Ornamental Fan","floor":24},{"key":"Question Card","floor":26},{"key":"Prayer Wheel","floor":28},{"key":"War Paint","floor":41},{"key":"Eternal Feather","floor":41},{"key":"Letter Opener","floor":43},{"key":"Happy Flower","floor":46},{"key":"Shuriken","floor":46}],"campfire_choices":[{"floor":7,"key":"SMITH","data":"Corpse Explosion"},{"floor":11,"key":"SMITH","data":"Choke"},{"floor":15,"key":"REST"},{"floor":23,"key":"SMITH","data":"Envenom"},{"floor":25,"key":"REST"},{"floor":32,"key":"REST"},{"floor":40,"key":"SMITH","data":"Madness"},{"floor":42,"key":"SMITH","data":"Bouncing Flask"},{"floor":47,"key":"REST"},{"floor":49,"key":"SMITH","data":"Well Laid Plans"}],"circlet_count":0,"win_rate":0,"killed_by":"Time Eater"}