{"play_id":"e8470a9c-aee4-4cad-a932-70eb0987f6d7","build_version":"2020-01-27","seed_played":"-8671518207800654401","chose_seed":false,"seed_source_timestamp":880067275422,"is_daily":false,"special_seed":null,"is_trial":false,"is_endless":false,"is_ascension_mode":true,"ascension_level":10,"neow_bonus":"THREE_RARE_CARDS","neow_cost":"TEN_PERCENT_HP_LOSS","is_beta":false,"is_prod":false,"victory":false,"floor_reached":30,"score":384,"timestamp":1702703302,"local_time":"12/16/2023 05:08:22","playtime":1348,"player_experience":416029,"master_deck":["AscendersBane","Strike_G","Strike_G","Strike_G+1","Strike_G","Defend_G","Defend_G","Defend_G","Defend_G","Survivor","Neutralize+1","Phantasmal Killer+1","Dagger Throw","Noxious Fumes","Noxious Fumes","Deadly Poison","Catalyst+1","Slice+1","Finisher+1","Corpse Explosion","Bane+1","Bouncing Flask+1","Endless Agony+1","Die Die Die+1","Bane+1","PiercingWail+1"],"relics":["Ring of the Snake","FaceOfCleric","StoneCalendar","Molten Egg 2","StrikeDummy","Philosopher's Stone","Bag of Marbles","CaptainsWheel","Regal Pillow"],"gold":92,"campfire_rested":2,"campfire_upgraded":3,"purchased_purges":2,"potions_floor_spawned":[3,12,16,25,28,29],"potions_floor_usage":[11,13,18,28,30],"current_hp_per_floor":[63,63,57,57,57,57,46,46,46,46,46,16,17,3,23,11,55,47,34,34,34,34,34,34,3,3,41,28,23,0],"max_hp_per_floor":[63,63,64,64,65,65,66,66,66,66,67,68,69,69,69,70,70,71,76,76,76,76,76,76,77,77,77,78,79,79],"gold_per_floor":[116,116,128,49,65,65,98,98,98,23,36,66,66,66,66,163,163,174,174,33,132,47,47,14,44,68,68,81,92,92],"path_per_floor":["M","?","M","$","M","R","E","R","T","$","M","E","M","?","R","B",null,"M","?","$","?","?","R","$","E","T","R","M","M","M"],"path_taken":["M","?","M","$","M","R","E","R","T","$","?","E","M","?","R","BOSS","M","?","$","?","?","R","?","E","T","R","M","M","M"],"items_purchased":["Noxious Fumes","Bouncing Flask","Endless Agony+1"],"item_purchase_floors":[4,20,24],"items_purged":["Strike_G","Defend_G"],"items_purged_floors":[10,20],"character_chosen":"THE_SILENT","card_choices":[{"picked":"Phantasmal Killer","not_picked":["Doppelganger","Envenom"],"floor":0},{"picked":"Dagger Throw","not_picked":["PiercingWail","Escape Plan"],"floor":1},{"picked":"Noxious Fumes","not_picked":["Tactician","Bane"],"floor":3},{"picked":"Deadly Poison","not_picked":["Deflect","Infinite Blades"],"floor":5},{"picked":"Catalyst","not_picked":["Well Laid Plans","Quick Slash"],"floor":7},{"picked":"Slice+1","not_picked":["Tactician","Quick Slash+1"],"floor":11},{"picked":"Finisher+1","not_picked":["Escape Plan","Outmaneuver"],"floor":12},{"picked":"Corpse Explosion","not_picked":["Tools of the Trade","Envenom"],"floor":16},{"picked":"Bane+1","not_picked":["Quick Slash+1","Leg Sweep+1"],"floor":18},{"picked":"Die Die Die+1","not_picked":["Predator+1","Distraction"],"floor":25},{"picked":"Bane+1","not_picked":["Dagger Throw+1","Sucker Punch+1"],"floor":28},{"picked":"PiercingWail+1","not_picked":["Quick Slash+1","Blade Dance"],"floor":29}],"event_choices":[{"event_name":"FaceTrader","player_choice":"Trade","floor":2,"cards_obtained":null,"cards_removed":null,"cards_transformed":null,"cards_upgraded":null,"relics_obtained":["FaceOfCleric"],"potions_obtained":null,"relics_lost":null,"damage_taken":0,"damage_healed":0,"max_hp_loss":0,"max_hp_gain":0,"gold_gain":0,"gold_loss":0},{"event_name":"Shining Light","player_choice":"Entered Light","floor":14,"cards_obtained":null,"cards_removed":null,"cards_transformed":null,"cards_upgraded":["Strike_G","Neutralize"],"relics_obtained":null,"potions_obtained":null,"relics_lost":null,"damage_taken":14,"damage_healed":0,"max_hp_loss":0,"max_hp_gain":0,"gold_gain":0,"gold_loss":0},{"event_name":"Forgotten Altar","player_choice":"Shed Blood","floor":19,"cards_obtained":null,"cards_removed":null,"cards_transformed":null,"cards_upgraded":null,"relics_obtained":null,"potions_obtained":null,"relics_lost":null,"damage_taken":18,"damage_healed":0,"max_hp_loss":0,"max_hp_gain":5,"gold_gain":0,"gold_loss":0},{"event_name":"Nest","player_choice":"Stole From Cult","floor":21,"cards_obtained":null,"cards_removed":null,"cards_transformed":null,"cards_upgraded":null,"relics_obtained":null,"potions_obtained":null,"relics_lost":null,"damage_taken":0,"damage_healed":0,"max_hp_loss":0,"max_hp_gain":0,"gold_gain":99,"gold_loss":0},{"event_name":"Addict","player_choice":"Obtained Relic","floor":22,"cards_obtained":null,"cards_removed":null,"cards_transformed":null,"cards_upgraded":null,"relics_obtained":["Bag of Marbles"],"potions_obtained":null,"relics_lost":null,"damage_taken":0,"damage_healed":0,"max_hp_loss":0,"max_hp_gain":0,"gold_gain":0,"gold_loss":85}],"boss_relics":[{"picked":"Philosopher's Stone","not_picked":["Cursed Key","SlaversCollar"]}],"damage_taken":[{"floor":1,"enemies":"Cultist","damage":0,"turns":4},{"floor":3,"enemies":"Small Slimes","damage":7,"turns":3},{"floor":5,"enemies":"2 Louse","damage":1,"turns":3},{"floor":7,"enemies":"Lagavulin","damage":12,"turns":7},{"floor":11,"enemies":"Looter","damage":1,"turns":3},{"floor":12,"enemies":"Gremlin Nob","damage":31,"turns":4},{"floor":13,"enemies":"2 Fungi Beasts","damage":0,"turns":2},{"floor":16,"enemies":"The Guardian","damage":13,"turns":8},{"floor":18,"enemies":"Shell Parasite","damage":9,"turns":4},{"floor":25,"enemies":"Book of Stabbing","damage":32,"turns":4},{"floor":28,"enemies":"2 Thieves","damage":14,"turns":2},{"floor":29,"enemies":"Snecko","damage":6,"turns":3},{"floor":30,"enemies":"Snake Plant","damage":27,"turns":1}],"potions_obtained":[{"key":"DistilledChaos","floor":3},{"key":"SmokeBomb","floor":12},{"key":"ColorlessPotion","floor":16},{"key":"DuplicationPotion","floor":25},{"key":"Poison Potion","floor":28},{"key":"Explosive Potion","floor":29}],"relics_obtained":[{"key":"StoneCalendar","floor":7},{"key":"Molten Egg 2","floor":9},{"key":"StrikeDummy","floor":12},{"key":"CaptainsWheel","floor":25},{"key":"Regal Pillow","floor":26}],"campfire_choices":[{"floor":6,"key":"SMITH","data":"Phantasmal Killer"},{"floor":8,"key":"SMITH","data":"Catalyst"},{"floor":15,"key":"REST"},{"floor":23,"key":"SMITH","data":"Bouncing Flask"},{"floor":27,"key":"REST"}],"circlet_count":0,"win_rate":0,"killed_by":"Snake Plant"}