{"play_id":"8fb6d0f7-bf03-47e4-acaa-ffca6e6c69ba","build_version":"2020-01-27","seed_played":"-3497961162148345643","chose_seed":false,"seed_source_timestamp":0,"is_daily":false,"special_seed":0,"is_trial":false,"is_endless":false,"is_ascension_mode":true,"ascension_level":10,"neow_bonus":"THREE_ENEMY_KILL","neow_cost":"NONE","is_beta":false,"is_prod":false,"victory":false,"floor_reached":11,"score":110,"timestamp":1702654041,"local_time":"12/15/2023 15:27:21","playtime":440,"player_experience":415023,"master_deck":["AscendersBane","Strike_G","Strike_G","Strike_G","Strike_G","Defend_G","Defend_G","Defend_G","Defend_G","Survivor","Neutralize","Crippling Poison+1","Flying Knee","Predator","Dodge and Roll","Sucker Punch","PiercingWail"],"relics":["Ring of the Snake","NeowsBlessing","Bag of Marbles","Tiny Chest","Art of War"],"gold":198,"campfire_rested":0,"campfire_upgraded":1,"purchased_purges":1,"potions_floor_spawned":[1,10],"potions_floor_usage":[11],"current_hp_per_floor":[63,52,52,52,45,45,45,45,45,20,0],"max_hp_per_floor":[70,70,70,70,70,70,70,70,70,70,70],"gold_per_floor":[119,194,68,85,85,98,98,113,140,168,198],"path_per_floor":["M","?","$","M","?","M","R","M","T","E","?"],"path_taken":["M","?","$","M","?","M","R","M","T","E","?"],"items_purchased":["Flying Knee"],"item_purchase_floors":[3],"items_purged":["Strike_G"],"items_purged_floors":[3],"character_chosen":"THE_SILENT","card_choices":[{"picked":"Crippling Poison","not_picked":["Reflex","Deflect"],"floor":1},{"picked":"Predator","not_picked":["Calculated Gamble","Caltrops"],"floor":4},{"picked":"Dodge and Roll","not_picked":["Dagger Throw","Sucker Punch"],"floor":6},{"picked":"Sucker Punch","not_picked":["Prepared","Outmaneuver"],"floor":8},{"picked":"PiercingWail","not_picked":["Backflip","Setup"],"floor":10}],"event_choices":[{"event_name":"World of Goop","player_choice":"Gather Gold","floor":2,"cards_obtained":null,"cards_removed":null,"cards_transformed":null,"cards_upgraded":null,"relics_obtained":null,"potions_obtained":null,"relics_lost":null,"damage_taken":11,"damage_healed":0,"max_hp_loss":0,"max_hp_gain":0,"gold_gain":75,"gold_loss":0},{"event_name":"Golden Wing","player_choice":"Card Removal","floor":5,"cards_obtained":null,"cards_removed":["Defend_G"],"cards_transformed":null,"cards_upgraded":null,"relics_obtained":null,"potions_obtained":null,"relics_lost":null,"damage_taken":7,"damage_healed":0,"max_hp_loss":0,"max_hp_gain":0,"gold_gain":0,"gold_loss":0},{"event_name":"Dead Adventurer","player_choice":"Searched '3' times","floor":11,"cards_obtained":null,"cards_removed":null,"cards_transformed":null,"cards_upgraded":null,"relics_obtained":["Art of War"],"potions_obtained":null,"relics_lost":null,"damage_taken":0,"damage_healed":0,"max_hp_loss":0,"max_hp_gain":0,"gold_gain":30,"gold_loss":0}],"boss_relics":[],"damage_taken":[{"floor":1,"enemies":"2 Louse","damage":0,"turns":1},{"floor":4,"enemies":"Jaw Worm","damage":0,"turns":1},{"floor":6,"enemies":"Cultist","damage":0,"turns":1},{"floor":8,"enemies":"2 Fungi Beasts","damage":0,"turns":4},{"floor":10,"enemies":"Gremlin Nob","damage":25,"turns":4},{"floor":11,"enemies":"Lagavulin Event","damage":26,"turns":5}],"potions_obtained":[{"key":"SteroidPotion","floor":1},{"key":"Dexterity Potion","floor":10}],"relics_obtained":[{"key":"Bag of Marbles","floor":9},{"key":"Tiny Chest","floor":10}],"campfire_choices":[{"floor":7,"key":"SMITH","data":"Crippling Poison"}],"circlet_count":0,"win_rate":0,"killed_by":"Lagavulin Event"}