{"play_id":"32d54f5b-01a4-4eca-ae40-4a8583315709","build_version":"2020-01-27","seed_played":"3590432745340962141","chose_seed":false,"seed_source_timestamp":968921246345,"is_daily":false,"special_seed":null,"is_trial":false,"is_endless":false,"is_ascension_mode":true,"ascension_level":10,"neow_bonus":"TWENTY_PERCENT_HP_BONUS","neow_cost":"CURSE","is_beta":false,"is_prod":false,"victory":false,"floor_reached":16,"score":162,"timestamp":1702739011,"local_time":"12/16/2023 15:03:31","playtime":626,"player_experience":417377,"master_deck":["AscendersBane","Strike_G","Strike_G","Strike_G","Strike_G+1","Defend_G","Defend_G","Defend_G","Defend_G","Defend_G","Survivor","Neutralize+1","Bane+1","Deflect","Terror+1","Flying Knee","Flying Knee","Slice","Quick Slash"],"relics":["Ring of the Snake","Bird Faced Urn","Omamori","Prayer Wheel","Gremlin Horn"],"gold":66,"campfire_rested":1,"campfire_upgraded":2,"purchased_purges":1,"potions_floor_spawned":[12,14],"potions_floor_usage":[16,16],"current_hp_per_floor":[74,57,57,56,56,15,15,15,15,15,40,32,32,32,32,0],"max_hp_per_floor":[84,84,84,84,84,84,84,84,84,84,84,84,84,84,84,84],"gold_per_floor":[119,119,69,81,6,32,57,57,57,4,4,39,50,66,66,66],"path_per_floor":["M","?","?","M","$","E","T","R","T","$","R","E","M","M","R","B"],"path_taken":["M","?","?","M","$","E","?","R","T","?","R","E","M","M","R","BOSS"],"items_purchased":["Flying Knee"],"item_purchase_floors":[10],"items_purged":["Strike_G"],"items_purged_floors":[5],"character_chosen":"THE_SILENT","card_choices":[{"picked":"Bane","not_picked":["Caltrops","Acrobatics"],"floor":1},{"picked":"Deflect","not_picked":["Backflip","Dodge and Roll"],"floor":4},{"picked":"Terror","not_picked":["All Out Attack","Dash"],"floor":6},{"picked":"SKIP","not_picked":["Skewer","Flechettes","Reflex"],"floor":12},{"picked":"Flying Knee","not_picked":["Outmaneuver","Deflect"],"floor":13},{"picked":"Slice","not_picked":["Escape Plan","Acrobatics"],"floor":13},{"picked":"Quick Slash","not_picked":["Outmaneuver","Choke"],"floor":14},{"picked":"SKIP","not_picked":["Grand Finale","Flechettes","Flying Knee"],"floor":14}],"event_choices":[{"event_name":"Shining Light","player_choice":"Entered Light","floor":2,"cards_obtained":null,"cards_removed":null,"cards_transformed":null,"cards_upgraded":["Neutralize","Strike_G"],"relics_obtained":null,"potions_obtained":null,"relics_lost":null,"damage_taken":17,"damage_healed":0,"max_hp_loss":0,"max_hp_gain":0,"gold_gain":0,"gold_loss":0},{"event_name":"The Cleric","player_choice":"Card Removal","floor":3,"cards_obtained":null,"cards_removed":["Normality"],"cards_transformed":null,"cards_upgraded":null,"relics_obtained":null,"potions_obtained":null,"relics_lost":null,"damage_taken":0,"damage_healed":0,"max_hp_loss":0,"max_hp_gain":0,"gold_gain":0,"gold_loss":50}],"boss_relics":[],"damage_taken":[{"floor":1,"enemies":"Jaw Worm","damage":3,"turns":6},{"floor":4,"enemies":"Small Slimes","damage":1,"turns":3},{"floor":6,"enemies":"3 Sentries","damage":41,"turns":13},{"floor":12,"enemies":"Lagavulin","damage":8,"turns":8},{"floor":13,"enemies":"2 Louse","damage":0,"turns":2},{"floor":14,"enemies":"2 Fungi Beasts","damage":0,"turns":3},{"floor":16,"enemies":"The Guardian","damage":35,"turns":12}],"potions_obtained":[{"key":"Energy Potion","floor":12},{"key":"FearPotion","floor":14}],"relics_obtained":[{"key":"Bird Faced Urn","floor":6},{"key":"Omamori","floor":7},{"key":"Prayer Wheel","floor":9},{"key":"Gremlin Horn","floor":12}],"campfire_choices":[{"floor":8,"key":"SMITH","data":"Terror"},{"floor":11,"key":"REST"},{"floor":15,"key":"SMITH","data":"Bane"}],"circlet_count":0,"win_rate":0,"killed_by":"The Guardian"}