{"play_id":"b3b76674-351b-4bb3-ba2b-1e0e2c2c70ee","build_version":"2020-01-27","seed_played":"4927798511554360634","chose_seed":false,"seed_source_timestamp":159446009001,"is_daily":false,"special_seed":null,"is_trial":false,"is_endless":false,"is_ascension_mode":true,"ascension_level":10,"neow_bonus":"UPGRADE_CARD","neow_cost":"NONE","is_beta":false,"is_prod":false,"victory":false,"floor_reached":33,"score":505,"timestamp":1702433690,"local_time":"12/13/2023 02:14:50","playtime":1285,"player_experience":410860,"master_deck":["AscendersBane","Strike_G","Strike_G","Strike_G+1","Defend_G","Defend_G+1","Defend_G","Defend_G","Survivor","Neutralize+1","Poisoned Stab+1","Poisoned Stab+1","Bane+1","Adrenaline+1","Acrobatics","Backflip","Corpse Explosion+1","Bouncing Flask+1","Poisoned Stab+1","Finisher","After Image","Burst+1"],"relics":["Ring of the Serpent","Art of War","Kunai","Meat on the Bone","Strawberry","Bag of Marbles","Bronze Scales"],"gold":516,"campfire_rested":1,"campfire_upgraded":6,"purchased_purges":0,"potions_floor_spawned":[5,6,8,11,16,21,25,30],"potions_floor_usage":[6,13,13,21,25,28,33],"current_hp_per_floor":[53,39,39,44,43,18,18,17,17,17,12,34,14,26,26,27,63,60,57,57,57,43,43,43,50,50,50,37,37,41,41,41,0],"max_hp_per_floor":[70,70,70,75,75,75,75,75,75,75,75,75,75,75,75,75,75,75,75,75,75,80,80,80,87,87,87,87,87,87,87,87,87],"gold_per_floor":[110,110,63,63,73,103,103,113,194,194,205,205,234,254,254,356,356,371,390,390,406,406,406,406,436,461,461,489,489,504,516,516,516],"path_per_floor":["M","?","$","?","M","E","R","M","T","R","M","R","E","M","R","B",null,"M","M","?","M","?","R","?","E","T","R","E","?","M","M","R","B"],"path_taken":["M","?","$","?","?","E","R","M","T","R","?","R","E","M","R","BOSS","M","?","?","M","?","R","?","E","T","R","E","?","M","?","R","BOSS"],"items_purchased":["Poisoned Stab"],"item_purchase_floors":[3],"items_purged":[],"items_purged_floors":[],"character_chosen":"THE_SILENT","card_choices":[{"picked":"Poisoned Stab","not_picked":["Backflip","Deflect"],"floor":1},{"picked":"Bane","not_picked":["Underhanded Strike","Riddle With Holes"],"floor":5},{"picked":"Adrenaline","not_picked":["Dagger Throw","Flying Knee"],"floor":6},{"picked":"SKIP","not_picked":["Riddle With Holes","Dagger Spray","Prepared"],"floor":8},{"picked":"Acrobatics","not_picked":["Well Laid Plans","Backstab"],"floor":11},{"picked":"SKIP","not_picked":["Dagger Throw","Blade Dance","Bane"],"floor":13},{"picked":"Backflip","not_picked":["Dagger Spray","Grand Finale"],"floor":14},{"picked":"Corpse Explosion","not_picked":["Adrenaline","Die Die Die"],"floor":16},{"picked":"Bouncing Flask+1","not_picked":["Quick Slash","Deadly Poison"],"floor":18},{"picked":"Poisoned Stab+1","not_picked":["Blur","Concentrate"],"floor":19},{"picked":"SKIP","not_picked":["Underhanded Strike","Dagger Throw+1","Outmaneuver"],"floor":21},{"picked":"SKIP","not_picked":["Bane+1","Underhanded Strike+1","All Out Attack"],"floor":25},{"picked":"SKIP","not_picked":["Skewer","Sucker Punch","Outmaneuver+1"],"floor":28},{"picked":"Burst","not_picked":["All Out Attack","Dagger Spray"],"floor":30},{"picked":"SKIP","not_picked":["Blade Dance","Slice","Deflect"],"floor":31}],"event_choices":[{"event_name":"Shining Light","player_choice":"Entered Light","floor":2,"cards_obtained":null,"cards_removed":null,"cards_transformed":null,"cards_upgraded":["Strike_G","Defend_G"],"relics_obtained":null,"potions_obtained":null,"relics_lost":null,"damage_taken":14,"damage_healed":0,"max_hp_loss":0,"max_hp_gain":0,"gold_gain":0,"gold_loss":0},{"event_name":"Big Fish","player_choice":"Donut","floor":4,"cards_obtained":null,"cards_removed":null,"cards_transformed":null,"cards_upgraded":null,"relics_obtained":null,"potions_obtained":null,"relics_lost":null,"damage_taken":0,"damage_healed":0,"max_hp_loss":0,"max_hp_gain":5,"gold_gain":0,"gold_loss":0},{"event_name":"Back to Basics","player_choice":"Elegance","floor":20,"cards_obtained":null,"cards_removed":["Strike_G"],"cards_transformed":null,"cards_upgraded":null,"relics_obtained":null,"potions_obtained":null,"relics_lost":null,"damage_taken":0,"damage_healed":0,"max_hp_loss":0,"max_hp_gain":0,"gold_gain":0,"gold_loss":0},{"event_name":"Forgotten Altar","player_choice":"Shed Blood","floor":22,"cards_obtained":null,"cards_removed":null,"cards_transformed":null,"cards_upgraded":null,"relics_obtained":null,"potions_obtained":null,"relics_lost":null,"damage_taken":19,"damage_healed":0,"max_hp_loss":0,"max_hp_gain":5,"gold_gain":0,"gold_loss":0},{"event_name":"Cursed Tome","player_choice":"Ignored","floor":24,"cards_obtained":null,"cards_removed":null,"cards_transformed":null,"cards_upgraded":null,"relics_obtained":null,"potions_obtained":null,"relics_lost":null,"damage_taken":0,"damage_healed":0,"max_hp_loss":0,"max_hp_gain":0,"gold_gain":0,"gold_loss":0},{"event_name":"Drug Dealer","player_choice":"Became Test Subject","floor":29,"cards_obtained":["Finisher","After Image"],"cards_removed":null,"cards_transformed":["Strike_G","Defend_G"],"cards_upgraded":null,"relics_obtained":null,"potions_obtained":null,"relics_lost":null,"damage_taken":0,"damage_healed":0,"max_hp_loss":0,"max_hp_gain":0,"gold_gain":0,"gold_loss":0}],"boss_relics":[{"picked":"Ring of the Serpent","not_picked":["Coffee Dripper","Sozu"]}],"damage_taken":[{"floor":1,"enemies":"Jaw Worm","damage":10,"turns":6},{"floor":5,"enemies":"2 Louse","damage":1,"turns":3},{"floor":6,"enemies":"Gremlin Nob","damage":25,"turns":4},{"floor":8,"enemies":"Cultist","damage":1,"turns":3},{"floor":11,"enemies":"Lots of Slimes","damage":5,"turns":3},{"floor":13,"enemies":"Lagavulin","damage":20,"turns":3},{"floor":14,"enemies":"Looter","damage":0,"turns":2},{"floor":16,"enemies":"Hexaghost","damage":11,"turns":9},{"floor":18,"enemies":"Chosen","damage":3,"turns":4},{"floor":19,"enemies":"Spheric Guardian","damage":3,"turns":3},{"floor":21,"enemies":"Snecko","damage":0,"turns":3},{"floor":25,"enemies":"Gremlin Leader","damage":12,"turns":6},{"floor":28,"enemies":"Book of Stabbing","damage":25,"turns":5},{"floor":30,"enemies":"Centurion and Healer","damage":8,"turns":3},{"floor":31,"enemies":"Shelled Parasite and Fungi","damage":12,"turns":2},{"floor":33,"enemies":"Champ","damage":42,"turns":8}],"potions_obtained":[{"key":"SkillPotion","floor":5},{"key":"SkillPotion","floor":6},{"key":"Ancient Potion","floor":8},{"key":"FearPotion","floor":11},{"key":"DuplicationPotion","floor":16},{"key":"Weak Potion","floor":21},{"key":"Block Potion","floor":25},{"key":"Poison Potion","floor":30}],"relics_obtained":[{"key":"Art of War","floor":6},{"key":"Kunai","floor":9},{"key":"Meat on the Bone","floor":13},{"key":"Strawberry","floor":25},{"key":"Bag of Marbles","floor":26},{"key":"Bronze Scales","floor":28}],"campfire_choices":[{"floor":7,"key":"SMITH","data":"Adrenaline"},{"floor":10,"key":"SMITH","data":"Poisoned Stab"},{"floor":12,"key":"REST"},{"floor":15,"key":"SMITH","data":"Poisoned Stab"},{"floor":23,"key":"SMITH","data":"Corpse Explosion"},{"floor":27,"key":"SMITH","data":"Bane"},{"floor":32,"key":"SMITH","data":"Burst"}],"circlet_count":0,"win_rate":0,"killed_by":"Champ"}