{"play_id":"d544177a-e3be-453c-9ecd-6e40a1cb3958","build_version":"2020-01-27","seed_played":"-6814013095680510126","chose_seed":false,"seed_source_timestamp":2274325965779,"is_daily":false,"special_seed":null,"is_trial":false,"is_endless":false,"is_ascension_mode":true,"ascension_level":11,"neow_bonus":"THREE_SMALL_POTIONS","neow_cost":"NONE","is_beta":false,"is_prod":false,"victory":false,"floor_reached":6,"score":50,"timestamp":1703973873,"local_time":"12/30/2023 22:04:33","playtime":223,"player_experience":465080,"master_deck":["AscendersBane","Strike_G","Strike_G","Strike_G","Strike_G","Strike_G","Defend_G","Defend_G","Defend_G","Defend_G","Survivor","Neutralize","Dash"],"relics":["Ring of the Snake","Question Card"],"gold":64,"campfire_rested":0,"campfire_upgraded":0,"purchased_purges":0,"potions_floor_spawned":[],"potions_floor_usage":[1],"current_hp_per_floor":[58,58,46,51,51,0],"max_hp_per_floor":[70,70,70,75,75,75],"gold_per_floor":[114,64,64,64,64,64],"path_per_floor":["M","?","?","?","$","E"],"path_taken":["M","?","?","?","?","E"],"items_purchased":[],"item_purchase_floors":[],"items_purged":[],"items_purged_floors":[],"character_chosen":"THE_SILENT","card_choices":[{"picked":"Dash","not_picked":["Infinite Blades","Dagger Throw"],"floor":1}],"event_choices":[{"event_name":"The Cleric","player_choice":"Card Removal","floor":2,"cards_obtained":null,"cards_removed":["Defend_G"],"cards_transformed":null,"cards_upgraded":null,"relics_obtained":null,"potions_obtained":null,"relics_lost":null,"damage_taken":0,"damage_healed":0,"max_hp_loss":0,"max_hp_gain":0,"gold_gain":0,"gold_loss":50},{"event_name":"Scrap Ooze","player_choice":"Success","floor":3,"cards_obtained":null,"cards_removed":null,"cards_transformed":null,"cards_upgraded":null,"relics_obtained":["Question Card"],"potions_obtained":null,"relics_lost":null,"damage_taken":12,"damage_healed":0,"max_hp_loss":0,"max_hp_gain":0,"gold_gain":0,"gold_loss":0},{"event_name":"Big Fish","player_choice":"Donut","floor":4,"cards_obtained":null,"cards_removed":null,"cards_transformed":null,"cards_upgraded":null,"relics_obtained":null,"potions_obtained":null,"relics_lost":null,"damage_taken":0,"damage_healed":0,"max_hp_loss":0,"max_hp_gain":5,"gold_gain":0,"gold_loss":0}],"boss_relics":[],"damage_taken":[{"floor":1,"enemies":"Jaw Worm","damage":5,"turns":4},{"floor":6,"enemies":"Lagavulin","damage":62,"turns":8}],"potions_obtained":[{"key":"Energy Potion","floor":0},{"key":"Explosive Potion","floor":0}],"relics_obtained":[],"campfire_choices":[],"circlet_count":0,"win_rate":0,"killed_by":"Lagavulin"}