{"play_id":"981de656-1da3-4c04-9d4d-e41b5fbe3547","build_version":"2020-01-27","seed_played":"-1116147699284728301","chose_seed":false,"seed_source_timestamp":0,"is_daily":false,"special_seed":0,"is_trial":false,"is_endless":false,"is_ascension_mode":true,"ascension_level":11,"neow_bonus":"BOSS_RELIC","neow_cost":"NONE","is_beta":false,"is_prod":false,"victory":false,"floor_reached":33,"score":569,"timestamp":1703915857,"local_time":"12/30/2023 05:57:37","playtime":1382,"player_experience":462901,"master_deck":["AscendersBane","Strike_G+1","Strike_G+1","Strike_G+1","Defend_G+1","Defend_G+1","Defend_G+1","Defend_G+1","Survivor","Neutralize+1","Poisoned Stab+1","Flying Knee","Quick Slash","Poisoned Stab+1","Leg Sweep+1","Dash+1","Corpse Explosion+1","Heel Hook","Crippling Poison+1","Predator+1","PiercingWail","PiercingWail+1","Deadly Poison"],"relics":["Coffee Dripper","Du-Vu Doll","Ginger","Runic Pyramid","TwistedFunnel","Bag of Preparation","Gremlin Horn","Ornamental Fan","HornCleat","Pear"],"gold":193,"campfire_rested":0,"campfire_upgraded":8,"purchased_purges":1,"potions_floor_spawned":[5,7,16,22,27],"potions_floor_usage":[23,30,30],"current_hp_per_floor":[61,53,53,53,52,52,46,46,46,46,46,46,46,46,46,36,62,61,61,48,48,39,28,28,28,28,24,24,24,24,34,34,0],"max_hp_per_floor":[70,70,70,70,70,70,70,70,70,70,70,70,70,70,70,70,70,70,70,75,75,75,75,75,75,75,75,75,75,75,85,85,85],"gold_per_floor":[109,122,122,72,84,84,101,101,101,101,115,115,40,73,73,174,174,187,187,187,40,50,78,78,26,26,60,60,78,111,193,193,193],"path_per_floor":["M","M","?","?","M","R","M","R","T","R","M","R","$","E","R","B",null,"M","?","?","$","M","E","R","$","T","E","R","M","E","T","R","B"],"path_taken":["M","M","?","?","M","R","M","R","T","R","M","R","?","E","R","BOSS","BOSS","M","?","?","$","M","E","R","?","T","E","R","M","E","?","R","BOSS"],"items_purchased":["TwistedFunnel","PiercingWail"],"item_purchase_floors":[21,25],"items_purged":["Defend_G"],"items_purged_floors":[13],"character_chosen":"THE_SILENT","card_choices":[{"picked":"Poisoned Stab","not_picked":["Slice","Infinite Blades"],"floor":1},{"picked":"Flying Knee","not_picked":["Prepared","Quick Slash"],"floor":2},{"picked":"SKIP","not_picked":["Flying Knee","Dagger Spray","Finisher"],"floor":5},{"picked":"Poisoned Stab","not_picked":["Bane","Choke"],"floor":7},{"picked":"Leg Sweep","not_picked":["Prepared","Backflip"],"floor":11},{"picked":"Dash","not_picked":["Skewer","Grand Finale"],"floor":14},{"picked":"Corpse Explosion","not_picked":["Grand Finale","Wraith Form v2"],"floor":16},{"picked":"Heel Hook","not_picked":["Blade Dance","Calculated Gamble"],"floor":18},{"picked":"Crippling Poison+1","not_picked":["Predator","Outmaneuver+1"],"floor":22},{"picked":"Predator","not_picked":["Blur","Tactician+1"],"floor":23},{"picked":"PiercingWail","not_picked":["Slice","Dagger Throw"],"floor":27},{"picked":"Deadly Poison","not_picked":["Bane","Blade Dance"],"floor":29},{"picked":"SKIP","not_picked":["Bane","Dagger Spray","Poisoned Stab"],"floor":30}],"event_choices":[{"event_name":"Living Wall","player_choice":"Change","floor":3,"cards_obtained":["Quick Slash"],"cards_removed":null,"cards_transformed":["Strike_G"],"cards_upgraded":null,"relics_obtained":null,"potions_obtained":null,"relics_lost":null,"damage_taken":0,"damage_healed":0,"max_hp_loss":0,"max_hp_gain":0,"gold_gain":0,"gold_loss":0},{"event_name":"The Cleric","player_choice":"Card Removal","floor":4,"cards_obtained":null,"cards_removed":["Strike_G"],"cards_transformed":null,"cards_upgraded":null,"relics_obtained":null,"potions_obtained":null,"relics_lost":null,"damage_taken":0,"damage_healed":0,"max_hp_loss":0,"max_hp_gain":0,"gold_gain":0,"gold_loss":50},{"event_name":"Back to Basics","player_choice":"Simplicity","floor":19,"cards_obtained":null,"cards_removed":null,"cards_transformed":null,"cards_upgraded":["Strike_G","Strike_G","Strike_G","Defend_G","Defend_G","Defend_G","Defend_G"],"relics_obtained":null,"potions_obtained":null,"relics_lost":null,"damage_taken":0,"damage_healed":0,"max_hp_loss":0,"max_hp_gain":0,"gold_gain":0,"gold_loss":0},{"event_name":"Forgotten Altar","player_choice":"Shed Blood","floor":20,"cards_obtained":null,"cards_removed":null,"cards_transformed":null,"cards_upgraded":null,"relics_obtained":null,"potions_obtained":null,"relics_lost":null,"damage_taken":18,"damage_healed":0,"max_hp_loss":0,"max_hp_gain":5,"gold_gain":0,"gold_loss":0}],"boss_relics":[{"picked":"Runic Pyramid","not_picked":["Ectoplasm","Runic Dome"]}],"damage_taken":[{"floor":1,"enemies":"Small Slimes","damage":2,"turns":5},{"floor":2,"enemies":"Jaw Worm","damage":8,"turns":4},{"floor":5,"enemies":"2 Louse","damage":1,"turns":3},{"floor":7,"enemies":"Exordium Thugs","damage":6,"turns":3},{"floor":11,"enemies":"3 Louse","damage":0,"turns":3},{"floor":14,"enemies":"Gremlin Nob","damage":0,"turns":3},{"floor":16,"enemies":"Slime Boss","damage":10,"turns":11},{"floor":18,"enemies":"Shell Parasite","damage":1,"turns":4},{"floor":22,"enemies":"2 Thieves","damage":9,"turns":2},{"floor":23,"enemies":"Book of Stabbing","damage":11,"turns":5},{"floor":27,"enemies":"Gremlin Leader","damage":4,"turns":5},{"floor":29,"enemies":"Centurion and Healer","damage":0,"turns":3},{"floor":30,"enemies":"Book of Stabbing","damage":0,"turns":3},{"floor":33,"enemies":"Collector","damage":38,"turns":7}],"potions_obtained":[{"key":"CunningPotion","floor":5},{"key":"DistilledChaos","floor":7},{"key":"SpeedPotion","floor":16},{"key":"FearPotion","floor":22},{"key":"Strength Potion","floor":27}],"relics_obtained":[{"key":"Du-Vu Doll","floor":9},{"key":"Ginger","floor":14},{"key":"Bag of Preparation","floor":23},{"key":"Gremlin Horn","floor":26},{"key":"Ornamental Fan","floor":27},{"key":"HornCleat","floor":30},{"key":"Pear","floor":31}],"campfire_choices":[{"floor":6,"key":"SMITH","data":"Poisoned Stab"},{"floor":8,"key":"SMITH","data":"Poisoned Stab"},{"floor":10,"key":"SMITH","data":"Neutralize"},{"floor":12,"key":"SMITH","data":"Leg Sweep"},{"floor":15,"key":"SMITH","data":"Dash"},{"floor":24,"key":"SMITH","data":"Corpse Explosion"},{"floor":28,"key":"SMITH","data":"Predator"},{"floor":32,"key":"SMITH","data":"PiercingWail"}],"circlet_count":0,"win_rate":0,"killed_by":"Collector"}