{"play_id":"4fe277a7-4c2a-4741-8f70-498ad60d6c7a","build_version":"2020-01-27","seed_played":"-985079526860901267","chose_seed":false,"seed_source_timestamp":2194020391149,"is_daily":false,"special_seed":null,"is_trial":false,"is_endless":false,"is_ascension_mode":true,"ascension_level":11,"neow_bonus":"REMOVE_TWO","neow_cost":"PERCENT_DAMAGE","is_beta":false,"is_prod":false,"victory":false,"floor_reached":16,"score":183,"timestamp":1703943851,"local_time":"12/30/2023 13:44:11","playtime":797,"player_experience":464283,"master_deck":["AscendersBane","Strike_G","Strike_G","Strike_G","Defend_G+1","Defend_G","Defend_G","Defend_G","Survivor","Neutralize+1","Noxious Fumes+1","Slice","Flying Knee","Deflect","Noxious Fumes","Backflip","Bouncing Flask"],"relics":["Ring of the Snake","Blood Vial","Mercury Hourglass","MealTicket","Omamori"],"gold":115,"campfire_rested":2,"campfire_upgraded":1,"purchased_purges":1,"potions_floor_spawned":[1,8,13],"potions_floor_usage":[7,11,14],"current_hp_per_floor":[39,39,28,14,14,35,9,9,9,9,2,23,17,17,17,0],"max_hp_per_floor":[70,70,70,70,70,70,70,70,70,70,70,70,70,70,70,70],"gold_per_floor":[111,12,23,23,23,23,53,73,73,39,67,67,84,115,115,115],"path_per_floor":["M","$","M","?","?","R","E","M","T","$","E","R","M","E","R","B"],"path_taken":["M","$","M","?","?","R","E","M","T","$","E","R","M","E","R","BOSS"],"items_purchased":["Slice","Noxious Fumes"],"item_purchase_floors":[2,10],"items_purged":["Strike_G"],"items_purged_floors":[2],"character_chosen":"THE_SILENT","card_choices":[{"picked":"Noxious Fumes","not_picked":["Finisher","Underhanded Strike"],"floor":1},{"picked":"Flying Knee","not_picked":["Dagger Throw","Calculated Gamble"],"floor":3},{"picked":"SKIP","not_picked":["Prepared","Infinite Blades","Skewer"],"floor":7},{"picked":"Deflect","not_picked":["Bane","Prepared"],"floor":8},{"picked":"SKIP","not_picked":["Deflect","Bane","Underhanded Strike"],"floor":11},{"picked":"Backflip","not_picked":["Finisher","Backstab"],"floor":13},{"picked":"Bouncing Flask","not_picked":["Eviscerate","Terror"],"floor":14}],"event_choices":[{"event_name":"Shining Light","player_choice":"Entered Light","floor":4,"cards_obtained":null,"cards_removed":null,"cards_transformed":null,"cards_upgraded":["Defend_G","Neutralize"],"relics_obtained":null,"potions_obtained":null,"relics_lost":null,"damage_taken":14,"damage_healed":0,"max_hp_loss":0,"max_hp_gain":0,"gold_gain":0,"gold_loss":0},{"event_name":"Golden Idol","player_choice":"Ignored","floor":5,"cards_obtained":null,"cards_removed":null,"cards_transformed":null,"cards_upgraded":null,"relics_obtained":null,"potions_obtained":null,"relics_lost":null,"damage_taken":0,"damage_healed":0,"max_hp_loss":0,"max_hp_gain":0,"gold_gain":0,"gold_loss":0}],"boss_relics":[],"damage_taken":[{"floor":1,"enemies":"Jaw Worm","damage":6,"turns":7},{"floor":3,"enemies":"Small Slimes","damage":11,"turns":3},{"floor":7,"enemies":"Lagavulin","damage":26,"turns":8},{"floor":8,"enemies":"2 Louse","damage":2,"turns":3},{"floor":11,"enemies":"3 Sentries","damage":9,"turns":6},{"floor":13,"enemies":"Large Slime","damage":8,"turns":6},{"floor":14,"enemies":"Gremlin Nob","damage":2,"turns":4},{"floor":16,"enemies":"Hexaghost","damage":19,"turns":7}],"potions_obtained":[{"key":"SteroidPotion","floor":1},{"key":"SkillPotion","floor":8},{"key":"GamblersBrew","floor":13}],"relics_obtained":[{"key":"Blood Vial","floor":7},{"key":"Mercury Hourglass","floor":9},{"key":"MealTicket","floor":11},{"key":"Omamori","floor":14}],"campfire_choices":[{"floor":6,"key":"REST"},{"floor":12,"key":"REST"},{"floor":15,"key":"SMITH","data":"Noxious Fumes"}],"circlet_count":0,"win_rate":0,"killed_by":"Hexaghost"}