{"play_id":"b10a8033-041c-4199-918d-4efc83fab524","build_version":"2020-01-27","seed_played":"1367434056378316798","chose_seed":false,"seed_source_timestamp":2284841065226,"is_daily":false,"special_seed":null,"is_trial":false,"is_endless":false,"is_ascension_mode":true,"ascension_level":11,"neow_bonus":"TEN_PERCENT_HP_BONUS","neow_cost":"NONE","is_beta":false,"is_prod":false,"victory":false,"floor_reached":33,"score":461,"timestamp":1703979682,"local_time":"12/30/2023 23:41:22","playtime":1688,"player_experience":465303,"master_deck":["AscendersBane","Strike_G","Defend_G+1","Defend_G","Defend_G+1","Defend_G","Survivor","Neutralize+1","Deadly Poison+1","Poisoned Stab+1","Bouncing Flask+1","Deadly Poison","Glass Knife","Venomology+1","Well Laid Plans+1","Glass Knife","Bouncing Flask","PiercingWail+1"],"relics":["Ring of the Snake","Snake Skull","Pear","Boot","Tiny House","Toy Ornithopter","PreservedInsect","Eternal Feather","Bottled Tornado"],"gold":57,"campfire_rested":3,"campfire_upgraded":3,"purchased_purges":3,"potions_floor_spawned":[1,14,19,29,31],"potions_floor_usage":[19,22,23,23,25,25,31,31,33,33],"current_hp_per_floor":[61,61,54,54,39,39,39,39,39,39,49,42,35,35,35,23,76,65,53,47,47,24,5,32,4,4,4,40,25,25,12,48,0],"max_hp_per_floor":[77,77,77,77,77,77,77,77,77,77,87,87,87,87,87,87,92,92,92,92,92,92,92,92,92,92,92,92,92,92,92,92,92],"gold_per_floor":[110,35,110,130,130,130,130,130,130,30,106,132,132,142,142,241,291,307,319,319,85,102,128,128,157,157,32,32,47,47,57,57,57],"path_per_floor":["M","$","?","M","?","R","?","R","T","$","T","E","?","M","R","B",null,"M","M","?","$","M","E","R","E","T","$","R","M","?","M","R","B"],"path_taken":["M","$","?","?","?","R","?","R","T","$","?","E","?","M","R","BOSS","M","M","?","$","M","E","R","E","T","?","R","M","?","M","R","BOSS"],"items_purchased":["Toy Ornithopter","Glass Knife"],"item_purchase_floors":[21,21],"items_purged":["Strike_G","Defend_G","Strike_G"],"items_purged_floors":[2,10,27],"character_chosen":"THE_SILENT","card_choices":[{"picked":"Deadly Poison","not_picked":["Infinite Blades","Backstab"],"floor":1},{"picked":"Poisoned Stab","not_picked":["Dodge and Roll","Slice"],"floor":4},{"picked":"Bouncing Flask","not_picked":["Dagger Spray","Distraction"],"floor":12},{"picked":"Deadly Poison","not_picked":["Dagger Spray","Dagger Throw"],"floor":14},{"picked":"Glass Knife","not_picked":["A Thousand Cuts","Wraith Form v2"],"floor":16},{"picked":"Venomology","not_picked":["Acrobatics","Well Laid Plans"],"floor":18},{"picked":"Well Laid Plans+1","not_picked":["Endless Agony","Blade Dance"],"floor":19},{"picked":"SKIP","not_picked":["Acrobatics+1","Flying Knee","Eviscerate+1"],"floor":22},{"picked":"SKIP","not_picked":["Quick Slash","Sucker Punch","Flechettes"],"floor":23},{"picked":"Bouncing Flask","not_picked":["Bullet Time","Bane"],"floor":25},{"picked":"PiercingWail+1","not_picked":["Deadly Poison","Dagger Throw+1"],"floor":29},{"picked":"SKIP","not_picked":["Sucker Punch","Prepared","Blade Dance"],"floor":31}],"event_choices":[{"event_name":"FaceTrader","player_choice":"Touch","floor":3,"cards_obtained":null,"cards_removed":null,"cards_transformed":null,"cards_upgraded":null,"relics_obtained":null,"potions_obtained":null,"relics_lost":null,"damage_taken":7,"damage_healed":0,"max_hp_loss":0,"max_hp_gain":0,"gold_gain":75,"gold_loss":0},{"event_name":"Shining Light","player_choice":"Entered Light","floor":5,"cards_obtained":null,"cards_removed":null,"cards_transformed":null,"cards_upgraded":["Deadly Poison","Defend_G"],"relics_obtained":null,"potions_obtained":null,"relics_lost":null,"damage_taken":15,"damage_healed":0,"max_hp_loss":0,"max_hp_gain":0,"gold_gain":0,"gold_loss":0},{"event_name":"Living Wall","player_choice":"Forget","floor":7,"cards_obtained":null,"cards_removed":["Strike_G"],"cards_transformed":null,"cards_upgraded":null,"relics_obtained":null,"potions_obtained":null,"relics_lost":null,"damage_taken":0,"damage_healed":0,"max_hp_loss":0,"max_hp_gain":0,"gold_gain":0,"gold_loss":0},{"event_name":"Golden Wing","player_choice":"Card Removal","floor":13,"cards_obtained":null,"cards_removed":["Strike_G"],"cards_transformed":null,"cards_upgraded":null,"relics_obtained":null,"potions_obtained":null,"relics_lost":null,"damage_taken":7,"damage_healed":0,"max_hp_loss":0,"max_hp_gain":0,"gold_gain":0,"gold_loss":0},{"event_name":"Knowing Skull","player_choice":"","floor":20,"cards_obtained":[],"cards_removed":null,"cards_transformed":null,"cards_upgraded":null,"relics_obtained":null,"potions_obtained":[],"relics_lost":null,"damage_taken":6,"damage_healed":0,"max_hp_loss":0,"max_hp_gain":0,"gold_gain":0,"gold_loss":0},{"event_name":"Upgrade Shrine","player_choice":"Upgraded","floor":30,"cards_obtained":null,"cards_removed":null,"cards_transformed":null,"cards_upgraded":["Venomology"],"relics_obtained":null,"potions_obtained":null,"relics_lost":null,"damage_taken":0,"damage_healed":0,"max_hp_loss":0,"max_hp_gain":0,"gold_gain":0,"gold_loss":0}],"boss_relics":[{"picked":"Tiny House","not_picked":["Philosopher's Stone","WristBlade"]}],"damage_taken":[{"floor":1,"enemies":"Jaw Worm","damage":9,"turns":3},{"floor":4,"enemies":"Cultist","damage":0,"turns":5},{"floor":12,"enemies":"Gremlin Nob","damage":7,"turns":4},{"floor":14,"enemies":"Small Slimes","damage":0,"turns":2},{"floor":16,"enemies":"Hexaghost","damage":12,"turns":6},{"floor":18,"enemies":"Shell Parasite","damage":11,"turns":3},{"floor":19,"enemies":"3 Byrds","damage":12,"turns":4},{"floor":22,"enemies":"Snake Plant","damage":28,"turns":3},{"floor":23,"enemies":"Slavers","damage":29,"turns":7},{"floor":25,"enemies":"Gremlin Leader","damage":38,"turns":7},{"floor":29,"enemies":"Chosen and Byrds","damage":15,"turns":5},{"floor":31,"enemies":"Cultist and Chosen","damage":23,"turns":5},{"floor":33,"enemies":"Automaton","damage":101,"turns":6}],"potions_obtained":[{"key":"GhostInAJar","floor":1},{"key":"SpeedPotion","floor":14},{"key":"AttackPotion","floor":19},{"key":"DistilledChaos","floor":29},{"key":"SneckoOil","floor":31}],"relics_obtained":[{"key":"Snake Skull","floor":9},{"key":"Pear","floor":11},{"key":"Boot","floor":12},{"key":"PreservedInsect","floor":23},{"key":"Eternal Feather","floor":25},{"key":"Bottled Tornado","floor":26}],"campfire_choices":[{"floor":6,"key":"SMITH","data":"Poisoned Stab"},{"floor":8,"key":"SMITH","data":"Neutralize"},{"floor":15,"key":"SMITH","data":"Bouncing Flask"},{"floor":24,"key":"REST"},{"floor":28,"key":"REST"},{"floor":32,"key":"REST"}],"circlet_count":0,"win_rate":0,"killed_by":"Automaton"}