{"play_id":"f3c9cbe3-0333-4b9c-b95a-024eb925e42e","build_version":"2020-01-27","seed_played":"-5500443932986185864","chose_seed":false,"seed_source_timestamp":2331555408614,"is_daily":false,"special_seed":null,"is_trial":false,"is_endless":false,"is_ascension_mode":true,"ascension_level":11,"neow_bonus":"RANDOM_COLORLESS_2","neow_cost":"NO_GOLD","is_beta":false,"is_prod":false,"victory":false,"floor_reached":16,"score":161,"timestamp":1703985746,"local_time":"12/31/2023 01:22:26","playtime":1050,"player_experience":468148,"master_deck":["AscendersBane","Strike_G","Strike_G","Strike_G","Strike_G","Defend_G+1","Defend_G","Defend_G","Defend_G","Defend_G+1","Survivor","Neutralize","Metamorphosis+1","Acrobatics","Leg Sweep","Poisoned Stab","Poisoned Stab","Malaise+1"],"relics":["Ring of the Snake","Golden Idol","War Paint","Shuriken"],"gold":186,"campfire_rested":1,"campfire_upgraded":2,"purchased_purges":0,"potions_floor_spawned":[1,7,12],"potions_floor_usage":[11,11,16],"current_hp_per_floor":[62,59,59,52,52,52,42,38,38,25,13,11,32,18,18,0],"max_hp_per_floor":[70,70,70,70,70,70,70,70,70,70,70,70,70,70,70,70],"gold_per_floor":[20,30,30,30,30,30,71,89,89,105,146,166,166,186,186,186],"path_per_floor":["M","M","?","?","?","R","E","M","T","M","M","M","R","M","R","B"],"path_taken":["M","M","?","?","?","R","E","M","T","?","M","M","R","M","R","BOSS"],"items_purchased":[],"item_purchase_floors":[],"items_purged":[],"items_purged_floors":[],"character_chosen":"THE_SILENT","card_choices":[{"picked":"Metamorphosis","not_picked":["Apotheosis","Chrysalis"],"floor":0},{"picked":"Acrobatics","not_picked":["Dagger Throw","Well Laid Plans"],"floor":1},{"picked":"SKIP","not_picked":["Underhanded Strike","Quick Slash","Eviscerate"],"floor":2},{"picked":"Leg Sweep","not_picked":["Finisher","Bane"],"floor":7},{"picked":"Poisoned Stab","not_picked":["Riddle With Holes","Calculated Gamble"],"floor":8},{"picked":"Poisoned Stab","not_picked":["Dash","Leg Sweep"],"floor":10},{"picked":"Malaise","not_picked":["Sucker Punch","Backflip"],"floor":11},{"picked":"SKIP","not_picked":["Poisoned Stab","Quick Slash","Slice"],"floor":12},{"picked":"SKIP","not_picked":["Deflect","Sucker Punch","Leg Sweep"],"floor":14}],"event_choices":[{"event_name":"Golden Idol","player_choice":"Take Wound","floor":3,"cards_obtained":["Injury"],"cards_removed":null,"cards_transformed":null,"cards_upgraded":null,"relics_obtained":["Golden Idol"],"potions_obtained":null,"relics_lost":null,"damage_taken":0,"damage_healed":0,"max_hp_loss":0,"max_hp_gain":0,"gold_gain":0,"gold_loss":0},{"event_name":"Golden Wing","player_choice":"Card Removal","floor":4,"cards_obtained":null,"cards_removed":["Injury"],"cards_transformed":null,"cards_upgraded":null,"relics_obtained":null,"potions_obtained":null,"relics_lost":null,"damage_taken":7,"damage_healed":0,"max_hp_loss":0,"max_hp_gain":0,"gold_gain":0,"gold_loss":0},{"event_name":"Living Wall","player_choice":"Forget","floor":5,"cards_obtained":null,"cards_removed":["Strike_G"],"cards_transformed":null,"cards_upgraded":null,"relics_obtained":null,"potions_obtained":null,"relics_lost":null,"damage_taken":0,"damage_healed":0,"max_hp_loss":0,"max_hp_gain":0,"gold_gain":0,"gold_loss":0}],"boss_relics":[],"damage_taken":[{"floor":1,"enemies":"2 Louse","damage":1,"turns":4},{"floor":2,"enemies":"Small Slimes","damage":3,"turns":4},{"floor":7,"enemies":"Gremlin Nob","damage":10,"turns":3},{"floor":8,"enemies":"Jaw Worm","damage":4,"turns":2},{"floor":10,"enemies":"Large Slime","damage":13,"turns":7},{"floor":11,"enemies":"Exordium Wildlife","damage":12,"turns":3},{"floor":12,"enemies":"2 Fungi Beasts","damage":2,"turns":4},{"floor":14,"enemies":"Red Slaver","damage":14,"turns":4},{"floor":16,"enemies":"Slime Boss","damage":19,"turns":6}],"potions_obtained":[{"key":"ColorlessPotion","floor":1},{"key":"BlessingOfTheForge","floor":7},{"key":"SteroidPotion","floor":12}],"relics_obtained":[{"key":"War Paint","floor":7},{"key":"Shuriken","floor":9}],"campfire_choices":[{"floor":6,"key":"SMITH","data":"Metamorphosis"},{"floor":13,"key":"REST"},{"floor":15,"key":"SMITH","data":"Malaise"}],"circlet_count":0,"win_rate":0,"killed_by":"Slime Boss"}