{"play_id":"46165e6d-39df-42d1-aef4-d839e8eec7ed","build_version":"2020-01-27","seed_played":"-2063199137773823508","chose_seed":false,"seed_source_timestamp":3028073560989,"is_daily":false,"special_seed":null,"is_trial":false,"is_endless":false,"is_ascension_mode":true,"ascension_level":11,"neow_bonus":"ONE_RANDOM_RARE_CARD","neow_cost":"NONE","is_beta":false,"is_prod":false,"victory":false,"floor_reached":31,"score":420,"timestamp":1704121636,"local_time":"01/01/2024 15:07:16","playtime":1012,"player_experience":476268,"master_deck":["AscendersBane","Strike_G+1","Strike_G+1","Strike_G+1","Strike_G+1","Defend_G+1","Defend_G+1","Defend_G+1","Survivor","Neutralize","Die Die Die+1","Sucker Punch","Deadly Poison+1","Riddle With Holes","Leg Sweep","Deflect","Glass Knife+1","Corpse Explosion+1","Infinite Blades","Blur","Noxious Fumes+1"],"relics":["Ring of the Snake","TungstenRod","Mercury Hourglass","Mango","Black Star","Bronze Scales","InkBottle","Turnip","Strawberry"],"gold":102,"campfire_rested":1,"campfire_upgraded":5,"purchased_purges":0,"potions_floor_spawned":[1,8,10,16,28],"potions_floor_usage":[10,13,21,22,31],"current_hp_per_floor":[59,52,52,40,40,40,5,3,17,17,17,17,17,17,17,8,65,65,65,65,65,48,48,37,37,37,62,29,36,36,0],"max_hp_per_floor":[70,70,70,70,70,70,70,70,84,84,84,84,84,84,84,84,84,84,84,84,84,84,84,84,84,84,84,84,91,91,91],"gold_per_floor":[109,109,109,109,57,57,83,99,99,111,123,73,86,105,105,205,205,216,216,216,234,246,246,262,262,309,309,344,102,102,102],"path_per_floor":["M","?","?","?","$","R","E","M","T","M","M","?","M","M","R","B",null,"M","?","?","M","M","R","M","R","T","R","E","$","R","E"],"path_taken":["M","?","?","?","?","R","E","M","T","M","?","?","M","M","R","BOSS","M","?","?","M","M","R","M","R","T","R","E","$","R","E"],"items_purchased":["Deadly Poison","Strawberry","CultistPotion"],"item_purchase_floors":[5,29,29],"items_purged":[],"items_purged_floors":[],"character_chosen":"THE_SILENT","card_choices":[{"picked":"Sucker Punch","not_picked":["Finisher","Skewer"],"floor":1},{"picked":"Riddle With Holes","not_picked":["Flechettes","Backflip"],"floor":7},{"picked":"Leg Sweep","not_picked":["Underhanded Strike","Deflect"],"floor":8},{"picked":"Deflect","not_picked":["Dodge and Roll","Quick Slash"],"floor":10},{"picked":"SKIP","not_picked":["Quick Slash","Dodge and Roll","Dagger Throw"],"floor":11},{"picked":"SKIP","not_picked":["Slice","Underhanded Strike","Backflip"],"floor":13},{"picked":"Glass Knife","not_picked":["Deflect","Bane"],"floor":14},{"picked":"Corpse Explosion","not_picked":["Envenom","Bullet Time"],"floor":16},{"picked":"Infinite Blades","not_picked":["Choke","Dagger Spray"],"floor":18},{"picked":"SKIP","not_picked":["Bane","Dagger Spray","Dagger Throw"],"floor":21},{"picked":"SKIP","not_picked":["A Thousand Cuts","Endless Agony","Dagger Spray"],"floor":22},{"picked":"Noxious Fumes","not_picked":["Backflip+1","Sucker Punch"],"floor":24},{"picked":"SKIP","not_picked":["Backstab+1","Blade Dance","Tactician+1"],"floor":28}],"event_choices":[{"event_name":"Golden Wing","player_choice":"Card Removal","floor":2,"cards_obtained":null,"cards_removed":["Strike_G"],"cards_transformed":null,"cards_upgraded":null,"relics_obtained":null,"potions_obtained":null,"relics_lost":null,"damage_taken":7,"damage_healed":0,"max_hp_loss":0,"max_hp_gain":0,"gold_gain":0,"gold_loss":0},{"event_name":"Living Wall","player_choice":"Forget","floor":3,"cards_obtained":null,"cards_removed":["Defend_G"],"cards_transformed":null,"cards_upgraded":null,"relics_obtained":null,"potions_obtained":null,"relics_lost":null,"damage_taken":0,"damage_healed":0,"max_hp_loss":0,"max_hp_gain":0,"gold_gain":0,"gold_loss":0},{"event_name":"Scrap Ooze","player_choice":"Success","floor":4,"cards_obtained":null,"cards_removed":null,"cards_transformed":null,"cards_upgraded":null,"relics_obtained":["TungstenRod"],"potions_obtained":null,"relics_lost":null,"damage_taken":12,"damage_healed":0,"max_hp_loss":0,"max_hp_gain":0,"gold_gain":0,"gold_loss":0},{"event_name":"The Cleric","player_choice":"Card Removal","floor":12,"cards_obtained":null,"cards_removed":["Defend_G"],"cards_transformed":null,"cards_upgraded":null,"relics_obtained":null,"potions_obtained":null,"relics_lost":null,"damage_taken":0,"damage_healed":0,"max_hp_loss":0,"max_hp_gain":0,"gold_gain":0,"gold_loss":50},{"event_name":"The Library","player_choice":"Read","floor":19,"cards_obtained":["Blur"],"cards_removed":null,"cards_transformed":null,"cards_upgraded":null,"relics_obtained":null,"potions_obtained":null,"relics_lost":null,"damage_taken":0,"damage_healed":0,"max_hp_loss":0,"max_hp_gain":0,"gold_gain":0,"gold_loss":0},{"event_name":"Back to Basics","player_choice":"Simplicity","floor":20,"cards_obtained":null,"cards_removed":null,"cards_transformed":null,"cards_upgraded":["Strike_G","Strike_G","Strike_G","Strike_G","Defend_G","Defend_G","Defend_G"],"relics_obtained":null,"potions_obtained":null,"relics_lost":null,"damage_taken":0,"damage_healed":0,"max_hp_loss":0,"max_hp_gain":0,"gold_gain":0,"gold_loss":0}],"boss_relics":[{"picked":"Black Star","not_picked":["Velvet Choker","SlaversCollar"]}],"damage_taken":[{"floor":1,"enemies":"Jaw Worm","damage":4,"turns":4},{"floor":7,"enemies":"Lagavulin","damage":35,"turns":8},{"floor":8,"enemies":"Small Slimes","damage":2,"turns":4},{"floor":10,"enemies":"Cultist","damage":0,"turns":2},{"floor":11,"enemies":"3 Louse","damage":0,"turns":1},{"floor":13,"enemies":"Exordium Wildlife","damage":0,"turns":2},{"floor":14,"enemies":"Blue Slaver","damage":0,"turns":3},{"floor":16,"enemies":"Slime Boss","damage":9,"turns":10},{"floor":18,"enemies":"Chosen","damage":0,"turns":4},{"floor":21,"enemies":"3 Byrds","damage":0,"turns":2},{"floor":22,"enemies":"Centurion and Healer","damage":17,"turns":2},{"floor":24,"enemies":"Snake Plant","damage":11,"turns":4},{"floor":28,"enemies":"Book of Stabbing","damage":33,"turns":5},{"floor":31,"enemies":"Slavers","damage":39,"turns":3}],"potions_obtained":[{"key":"LiquidBronze","floor":1},{"key":"FearPotion","floor":8},{"key":"DistilledChaos","floor":10},{"key":"ColorlessPotion","floor":16},{"key":"BlessingOfTheForge","floor":28}],"relics_obtained":[{"key":"Mercury Hourglass","floor":7},{"key":"Mango","floor":9},{"key":"Bronze Scales","floor":26},{"key":"InkBottle","floor":28},{"key":"Turnip","floor":28}],"campfire_choices":[{"floor":6,"key":"SMITH","data":"Deadly Poison"},{"floor":15,"key":"SMITH","data":"Glass Knife"},{"floor":23,"key":"SMITH","data":"Die Die Die"},{"floor":25,"key":"SMITH","data":"Noxious Fumes"},{"floor":27,"key":"REST"},{"floor":30,"key":"SMITH","data":"Corpse Explosion"}],"circlet_count":0,"win_rate":0,"killed_by":"Slavers"}