{"play_id":"f988697c-35f5-49c2-8042-e7842fc8af8c","build_version":"2020-01-27","seed_played":"324616974082834558","chose_seed":false,"seed_source_timestamp":2939473264023,"is_daily":false,"special_seed":null,"is_trial":false,"is_endless":false,"is_ascension_mode":true,"ascension_level":11,"neow_bonus":"BOSS_RELIC","neow_cost":"NONE","is_beta":false,"is_prod":false,"victory":false,"floor_reached":31,"score":408,"timestamp":1704089197,"local_time":"01/01/2024 06:06:37","playtime":1510,"player_experience":474758,"master_deck":["AscendersBane","Survivor","Neutralize","Flying Knee","Noxious Fumes+1","Slice","Dash","Footwork+1","Noxious Fumes+1","Dash","Blade Dance","After Image","Flechettes","Tools of the Trade","Dodge and Roll","Escape Plan","Dagger Spray","Deflect","Deadly Poison","Flying Knee+1","Escape Plan","Catalyst+1","Noxious Fumes","Footwork","Phantasmal Killer"],"relics":["Empty Cage","Lantern","Dream Catcher","Dead Branch","Lee's Waffle","Pen Nib","Pandora's Box","OrangePellets","Tiny Chest","Frozen Egg 2"],"gold":62,"campfire_rested":1,"campfire_upgraded":4,"purchased_purges":1,"potions_floor_spawned":[4,7,16,18,25,30],"potions_floor_usage":[10,20,28,28,31],"current_hp_per_floor":[63,63,63,63,55,55,28,28,28,17,10,10,77,77,77,29,65,65,65,47,47,47,47,47,33,33,56,41,41,18,0],"max_hp_per_floor":[70,70,70,70,70,70,70,70,70,70,70,70,77,77,77,77,77,77,77,77,77,77,77,77,77,77,77,77,77,77,77],"gold_per_floor":[119,10,10,23,43,43,68,68,116,150,169,185,29,79,79,176,176,189,189,204,303,73,73,3,15,15,15,48,48,62,62],"path_per_floor":["M","$","?","M","M","R","E","R","T","E","M","M","$","T","R","B",null,"M","?","M","?","$","R","$","M","T","R","E","?","M","E"],"path_taken":["M","$","?","M","?","R","E","R","T","E","M","M","$","?","R","BOSS","M","?","?","?","$","R","?","M","T","R","E","?","?","E"],"items_purchased":["Noxious Fumes","Lee's Waffle","Catalyst","OrangePellets","Noxious Fumes"],"item_purchase_floors":[2,13,22,22,24],"items_purged":["Defend_G"],"items_purged_floors":[2],"character_chosen":"THE_SILENT","card_choices":[{"picked":"Flying Knee","not_picked":["Backflip","Eviscerate"],"floor":1},{"picked":"Slice","not_picked":["Quick Slash","Underhanded Strike"],"floor":4},{"picked":"Dash","not_picked":["Backflip","Outmaneuver"],"floor":5},{"picked":"Footwork","not_picked":["Setup","Dagger Spray"],"floor":7},{"picked":"Noxious Fumes","not_picked":["Prepared","Burst"],"floor":10},{"picked":"Dash","not_picked":["Concentrate","Deflect"],"floor":11},{"picked":"Blade Dance","not_picked":["Poisoned Stab","Eviscerate"],"floor":12},{"picked":"After Image","not_picked":["Bullet Time","Night Terror"],"floor":16},{"picked":"Flying Knee+1","not_picked":["Deadly Poison","Choke"],"floor":18},{"picked":"SKIP","not_picked":["Heel Hook","Tactician","Outmaneuver"],"floor":20},{"picked":"SKIP","not_picked":["Calculated Gamble","Underhanded Strike+1","Tactician"],"floor":25},{"picked":"Footwork","not_picked":["Caltrops","Poisoned Stab"],"floor":27},{"picked":"Phantasmal Killer","not_picked":["Quick Slash","Masterful Stab+1"],"floor":28},{"picked":"SKIP","not_picked":["Poisoned Stab","Quick Slash+1","Expertise+1"],"floor":30}],"event_choices":[{"event_name":"WeMeetAgain","player_choice":"Ignored","floor":3,"cards_obtained":null,"cards_removed":null,"cards_transformed":null,"cards_upgraded":null,"relics_obtained":null,"potions_obtained":null,"relics_lost":null,"damage_taken":0,"damage_healed":0,"max_hp_loss":0,"max_hp_gain":0,"gold_gain":0,"gold_loss":0},{"event_name":"Duplicator","player_choice":"Copied","floor":19,"cards_obtained":["Escape Plan"],"cards_removed":null,"cards_transformed":null,"cards_upgraded":null,"relics_obtained":null,"potions_obtained":null,"relics_lost":null,"damage_taken":0,"damage_healed":0,"max_hp_loss":0,"max_hp_gain":0,"gold_gain":0,"gold_loss":0},{"event_name":"Nest","player_choice":"Stole From Cult","floor":21,"cards_obtained":null,"cards_removed":null,"cards_transformed":null,"cards_upgraded":null,"relics_obtained":null,"potions_obtained":null,"relics_lost":null,"damage_taken":0,"damage_healed":0,"max_hp_loss":0,"max_hp_gain":0,"gold_gain":99,"gold_loss":0},{"event_name":"Ghosts","player_choice":"Ignored","floor":29,"cards_obtained":null,"cards_removed":null,"cards_transformed":null,"cards_upgraded":null,"relics_obtained":null,"potions_obtained":null,"relics_lost":null,"damage_taken":0,"damage_healed":0,"max_hp_loss":0,"max_hp_gain":0,"gold_gain":0,"gold_loss":0}],"boss_relics":[{"picked":"Pandora's Box","not_picked":["HoveringKite","Ectoplasm"]}],"damage_taken":[{"floor":1,"enemies":"Small Slimes","damage":0,"turns":4},{"floor":4,"enemies":"Cultist","damage":0,"turns":4},{"floor":5,"enemies":"Jaw Worm","damage":8,"turns":4},{"floor":7,"enemies":"3 Sentries","damage":27,"turns":9},{"floor":10,"enemies":"Lagavulin","damage":11,"turns":7},{"floor":11,"enemies":"Exordium Wildlife","damage":7,"turns":3},{"floor":12,"enemies":"Blue Slaver","damage":0,"turns":4},{"floor":16,"enemies":"Hexaghost","damage":48,"turns":7},{"floor":18,"enemies":"3 Byrds","damage":0,"turns":4},{"floor":20,"enemies":"2 Thieves","damage":18,"turns":3},{"floor":25,"enemies":"Sentry and Sphere","damage":14,"turns":5},{"floor":28,"enemies":"Book of Stabbing","damage":15,"turns":5},{"floor":30,"enemies":"Shelled Parasite and Fungi","damage":23,"turns":6},{"floor":31,"enemies":"Slavers","damage":18,"turns":1}],"potions_obtained":[{"key":"SteroidPotion","floor":4},{"key":"ColorlessPotion","floor":7},{"key":"Poison Potion","floor":16},{"key":"ColorlessPotion","floor":25},{"key":"Block Potion","floor":30}],"relics_obtained":[{"key":"Lantern","floor":7},{"key":"Dream Catcher","floor":9},{"key":"Dead Branch","floor":10},{"key":"Pen Nib","floor":14},{"key":"Tiny Chest","floor":26},{"key":"Frozen Egg 2","floor":28}],"campfire_choices":[{"floor":6,"key":"SMITH","data":"Noxious Fumes"},{"floor":8,"key":"SMITH","data":"Footwork"},{"floor":15,"key":"SMITH","data":"Noxious Fumes"},{"floor":23,"key":"SMITH","data":"Catalyst"},{"floor":27,"key":"REST"}],"circlet_count":0,"win_rate":0,"killed_by":"Slavers"}