{"play_id":"d35e9822-8e9e-4b4d-aa20-9e2e66f6008e","build_version":"2020-01-27","seed_played":"2106065689958433455","chose_seed":false,"seed_source_timestamp":2909475286959,"is_daily":false,"special_seed":null,"is_trial":false,"is_endless":false,"is_ascension_mode":true,"ascension_level":11,"neow_bonus":"THREE_ENEMY_KILL","neow_cost":"NONE","is_beta":false,"is_prod":false,"victory":false,"floor_reached":27,"score":412,"timestamp":1704080678,"local_time":"01/01/2024 03:44:38","playtime":1213,"player_experience":473545,"master_deck":["AscendersBane","Strike_G+1","Strike_G","Defend_G","Defend_G","Defend_G","Survivor","Neutralize","Heel Hook+1","Glass Knife+1","Sucker Punch","Caltrops","Leg Sweep","Adrenaline","Poisoned Stab+1","Flying Knee","Burst","PiercingWail","Footwork","Shame","Night Terror+1","Unload","Crippling Poison","Quick Slash+1"],"relics":["Ring of the Snake","NeowsBlessing","Nunchaku","Bag of Preparation","Blood Vial","Coffee Dripper","StrikeDummy","Regal Pillow","Letter Opener"],"gold":79,"campfire_rested":0,"campfire_upgraded":3,"purchased_purges":2,"potions_floor_spawned":[5,7,11,13,18,25],"potions_floor_usage":[7,8,11,18,24,24,27],"current_hp_per_floor":[63,49,49,49,49,49,12,7,7,7,7,7,9,11,11,5,54,55,55,55,55,55,55,39,41,41,0],"max_hp_per_floor":[70,70,70,70,70,70,70,70,70,70,70,70,70,70,70,70,70,70,70,70,70,70,70,70,70,70,70],"gold_per_floor":[112,112,112,129,149,149,184,199,223,2,27,27,44,58,58,161,161,178,40,40,40,40,40,67,79,79,79],"path_per_floor":["M","?","?","M","M","R","E","M","T","$","E","$","M","M","R","B",null,"M","$","?","$","?","R","E","M","T","E"],"path_taken":["M","?","?","M","M","R","E","M","T","$","E","$","?","M","R","BOSS","M","?","?","$","?","R","E","M","T","E"],"items_purchased":["Adrenaline","DistilledChaos","Footwork"],"item_purchase_floors":[10,10,19],"items_purged":["Defend_G","Strike_G"],"items_purged_floors":[10,19],"character_chosen":"THE_SILENT","card_choices":[{"picked":"Heel Hook","not_picked":["Blade Dance","Dagger Throw"],"floor":1},{"picked":"Sucker Punch","not_picked":["Underhanded Strike","Prepared"],"floor":4},{"picked":"Caltrops","not_picked":["Dagger Spray","Slice"],"floor":5},{"picked":"SKIP","not_picked":["Slice","Bane","Underhanded Strike"],"floor":7},{"picked":"Leg Sweep","not_picked":["Calculated Gamble","Backflip"],"floor":8},{"picked":"Poisoned Stab","not_picked":["Heel Hook","Sucker Punch"],"floor":11},{"picked":"SKIP","not_picked":["Dagger Throw","Endless Agony","Wraith Form v2"],"floor":13},{"picked":"Flying Knee","not_picked":["Acrobatics","Choke"],"floor":14},{"picked":"Burst","not_picked":["Unload","Bullet Time"],"floor":16},{"picked":"PiercingWail","not_picked":["Backflip","Dagger Throw+1"],"floor":18},{"picked":"Crippling Poison","not_picked":["Escape Plan","Skewer+1"],"floor":24},{"picked":"Quick Slash+1","not_picked":["Prepared","Slice"],"floor":25}],"event_choices":[{"event_name":"Shining Light","player_choice":"Entered Light","floor":2,"cards_obtained":null,"cards_removed":null,"cards_transformed":null,"cards_upgraded":["Heel Hook","Strike_G"],"relics_obtained":null,"potions_obtained":null,"relics_lost":null,"damage_taken":14,"damage_healed":0,"max_hp_loss":0,"max_hp_gain":0,"gold_gain":0,"gold_loss":0},{"event_name":"Transmorgrifier","player_choice":"Transformed","floor":3,"cards_obtained":["Glass Knife"],"cards_removed":null,"cards_transformed":["Strike_G"],"cards_upgraded":null,"relics_obtained":null,"potions_obtained":null,"relics_lost":null,"damage_taken":0,"damage_healed":0,"max_hp_loss":0,"max_hp_gain":0,"gold_gain":0,"gold_loss":0},{"event_name":"Addict","player_choice":"Stole Relic","floor":20,"cards_obtained":["Shame"],"cards_removed":null,"cards_transformed":null,"cards_upgraded":null,"relics_obtained":["StrikeDummy"],"potions_obtained":null,"relics_lost":null,"damage_taken":0,"damage_healed":0,"max_hp_loss":0,"max_hp_gain":0,"gold_gain":0,"gold_loss":0},{"event_name":"Drug Dealer","player_choice":"Became Test Subject","floor":22,"cards_obtained":["Night Terror","Unload"],"cards_removed":null,"cards_transformed":["Defend_G","Strike_G"],"cards_upgraded":null,"relics_obtained":null,"potions_obtained":null,"relics_lost":null,"damage_taken":0,"damage_healed":0,"max_hp_loss":0,"max_hp_gain":0,"gold_gain":0,"gold_loss":0}],"boss_relics":[{"picked":"Coffee Dripper","not_picked":["Busted Crown","Ectoplasm"]}],"damage_taken":[{"floor":1,"enemies":"Jaw Worm","damage":0,"turns":1},{"floor":4,"enemies":"Small Slimes","damage":0,"turns":1},{"floor":5,"enemies":"Cultist","damage":0,"turns":1},{"floor":7,"enemies":"3 Sentries","damage":37,"turns":7},{"floor":8,"enemies":"Gremlin Gang","damage":5,"turns":5},{"floor":11,"enemies":"Gremlin Nob","damage":0,"turns":3},{"floor":13,"enemies":"3 Louse","damage":0,"turns":3},{"floor":14,"enemies":"Looter","damage":0,"turns":2},{"floor":16,"enemies":"Hexaghost","damage":8,"turns":9},{"floor":18,"enemies":"Shell Parasite","damage":1,"turns":4},{"floor":24,"enemies":"Book of Stabbing","damage":18,"turns":4},{"floor":25,"enemies":"3 Byrds","damage":0,"turns":4},{"floor":27,"enemies":"Gremlin Leader","damage":43,"turns":7}],"potions_obtained":[{"key":"SteroidPotion","floor":5},{"key":"FearPotion","floor":7},{"key":"LiquidBronze","floor":11},{"key":"EssenceOfSteel","floor":13},{"key":"DistilledChaos","floor":18},{"key":"Strength Potion","floor":25}],"relics_obtained":[{"key":"Nunchaku","floor":7},{"key":"Bag of Preparation","floor":9},{"key":"Blood Vial","floor":11},{"key":"Regal Pillow","floor":24},{"key":"Letter Opener","floor":26}],"campfire_choices":[{"floor":6,"key":"SMITH","data":"Glass Knife"},{"floor":15,"key":"SMITH","data":"Poisoned Stab"},{"floor":23,"key":"SMITH","data":"Night Terror"}],"circlet_count":0,"win_rate":0,"killed_by":"Gremlin Leader"}