{"play_id":"34084bbe-18ab-4852-b644-cf97e369f0d3","build_version":"2020-01-27","seed_played":"-6787021803986830786","chose_seed":false,"seed_source_timestamp":1381148445184,"is_daily":false,"special_seed":null,"is_trial":false,"is_endless":false,"is_ascension_mode":true,"ascension_level":12,"neow_bonus":"THREE_ENEMY_KILL","neow_cost":"NONE","is_beta":false,"is_prod":false,"victory":false,"floor_reached":16,"score":157,"timestamp":1705888153,"local_time":"01/22/2024 01:49:13","playtime":479,"player_experience":504308,"master_deck":["AscendersBane","Strike_G","Strike_G","Strike_G","Strike_G","Defend_G","Defend_G","Defend_G","Defend_G","Defend_G","Survivor","Neutralize","Riddle With Holes+1","Deflect","Poisoned Stab+1","Poisoned Stab+1","Leg Sweep+1"],"relics":["Ring of the Snake","NeowsBlessing","Snake Skull","Kunai","Bottled Lightning"],"gold":140,"campfire_rested":1,"campfire_upgraded":4,"purchased_purges":1,"potions_floor_spawned":[1,7],"potions_floor_usage":[4,13],"current_hp_per_floor":[63,63,63,63,63,63,19,40,40,40,40,40,41,30,30,0],"max_hp_per_floor":[70,70,70,70,70,70,70,70,70,70,70,70,70,70,70,70],"gold_per_floor":[115,215,71,84,96,96,128,128,128,128,53,53,65,140,140,140],"path_per_floor":["M","?","$","M","M","R","E","R","T","R","$","R","M","?","R","B"],"path_taken":["M","?","$","?","M","R","E","R","T","R","?","R","M","?","R","BOSS"],"items_purchased":["Snake Skull"],"item_purchase_floors":[3],"items_purged":["Strike_G"],"items_purged_floors":[11],"character_chosen":"THE_SILENT","card_choices":[{"picked":"Riddle With Holes","not_picked":["Dodge and Roll","Backflip"],"floor":1},{"picked":"Deflect","not_picked":["Outmaneuver","Dodge and Roll"],"floor":4},{"picked":"Poisoned Stab","not_picked":["Blade Dance","Dagger Throw"],"floor":5},{"picked":"Poisoned Stab","not_picked":["Deflect","Doppelganger"],"floor":7},{"picked":"Leg Sweep","not_picked":["Flechettes","Dagger Spray"],"floor":13}],"event_choices":[{"event_name":"Wheel of Change","player_choice":"Gold","floor":2,"cards_obtained":null,"cards_removed":null,"cards_transformed":null,"cards_upgraded":null,"relics_obtained":null,"potions_obtained":null,"relics_lost":null,"damage_taken":0,"damage_healed":0,"max_hp_loss":0,"max_hp_gain":0,"gold_gain":100,"gold_loss":0},{"event_name":"World of Goop","player_choice":"Gather Gold","floor":14,"cards_obtained":null,"cards_removed":null,"cards_transformed":null,"cards_upgraded":null,"relics_obtained":null,"potions_obtained":null,"relics_lost":null,"damage_taken":11,"damage_healed":0,"max_hp_loss":0,"max_hp_gain":0,"gold_gain":75,"gold_loss":0}],"boss_relics":[],"damage_taken":[{"floor":1,"enemies":"Small Slimes","damage":0,"turns":1},{"floor":4,"enemies":"Cultist","damage":0,"turns":1},{"floor":5,"enemies":"2 Louse","damage":0,"turns":1},{"floor":7,"enemies":"Gremlin Nob","damage":44,"turns":5},{"floor":13,"enemies":"Large Slime","damage":8,"turns":7},{"floor":16,"enemies":"Slime Boss","damage":31,"turns":6}],"potions_obtained":[{"key":"BlessingOfTheForge","floor":1},{"key":"Regen Potion","floor":7}],"relics_obtained":[{"key":"Kunai","floor":7},{"key":"Bottled Lightning","floor":9}],"campfire_choices":[{"floor":6,"key":"SMITH","data":"Poisoned Stab"},{"floor":8,"key":"REST"},{"floor":10,"key":"SMITH","data":"Poisoned Stab"},{"floor":12,"key":"SMITH","data":"Riddle With Holes"},{"floor":15,"key":"SMITH","data":"Leg Sweep"}],"circlet_count":0,"win_rate":0,"killed_by":"Slime Boss"}