{"play_id":"f47640c7-cbde-4866-a721-74575de26293","build_version":"2020-01-27","seed_played":"-979745290069948413","chose_seed":false,"seed_source_timestamp":0,"is_daily":false,"special_seed":0,"is_trial":false,"is_endless":false,"is_ascension_mode":true,"ascension_level":12,"neow_bonus":"BOSS_RELIC","neow_cost":"NONE","is_beta":false,"is_prod":false,"victory":false,"floor_reached":21,"score":312,"timestamp":1705702023,"local_time":"01/19/2024 22:07:03","playtime":972,"player_experience":503042,"master_deck":["AscendersBane","Survivor","Neutralize+1","Caltrops+1","Dagger Throw","Slice","Footwork","Slice","Crippling Poison","Terror+1","Doppelganger+1","Glass Knife","All Out Attack","Eviscerate","Bane","Grand Finale","Footwork","Terror","Infinite Blades","Eviscerate","Masterful Stab","Sucker Punch"],"relics":["Tiny House","Golden Idol","StoneCalendar","White Beast Statue","Vajra","Nunchaku","Pandora's Box","Du-Vu Doll"],"gold":205,"campfire_rested":1,"campfire_upgraded":3,"purchased_purges":2,"potions_floor_spawned":[8,11,13,16,18,19],"potions_floor_usage":[18,21],"current_hp_per_floor":[56,41,41,41,41,41,20,11,11,33,25,25,17,17,17,11,59,50,30,30,0],"max_hp_per_floor":[75,75,75,75,75,75,75,75,75,75,75,75,75,75,75,75,75,75,75,75,75],"gold_per_floor":[165,165,165,183,14,14,50,70,70,70,109,109,144,44,44,167,167,185,205,205,205],"path_per_floor":["M","?","?","M","$","R","E","M","T","R","E","R","E","$","R","B","ul","M","M","?","M"],"path_taken":["M","?","?","M","$","R","E","M","T","R","E","R","E","?","R","BOSS","M","?","?","?"],"items_purchased":["Footwork","Slice"],"item_purchase_floors":[5,5],"items_purged":["Injury","Strike_G"],"items_purged_floors":[5,14],"character_chosen":"THE_SILENT","card_choices":[{"picked":"Caltrops","not_picked":["PiercingWail","Setup"],"floor":0},{"picked":"Dagger Throw","not_picked":["Tactician","Outmaneuver"],"floor":1},{"picked":"Slice","not_picked":["Concentrate","Expertise"],"floor":4},{"picked":"Crippling Poison","not_picked":["Backflip","Choke"],"floor":7},{"picked":"Bane","not_picked":["Deflect","Blade Dance"],"floor":8},{"picked":"Terror","not_picked":["Distraction","Quick Slash"],"floor":11},{"picked":"Doppelganger","not_picked":["Prepared","Bullet Time"],"floor":13},{"picked":"Glass Knife","not_picked":["A Thousand Cuts","Night Terror"],"floor":16},{"picked":"SKIP","not_picked":["Bane","Blade Dance","Backflip"],"floor":18},{"picked":"Sucker Punch","not_picked":["Dodge and Roll","Expertise"],"floor":19}],"event_choices":[{"event_name":"Shining Light","player_choice":"Entered Light","floor":2,"cards_obtained":null,"cards_removed":null,"cards_transformed":null,"cards_upgraded":["Neutralize","Defend_G"],"relics_obtained":null,"potions_obtained":null,"relics_lost":null,"damage_taken":15,"damage_healed":0,"max_hp_loss":0,"max_hp_gain":0,"gold_gain":0,"gold_loss":0},{"event_name":"Golden Idol","player_choice":"Take Wound","floor":3,"cards_obtained":["Injury"],"cards_removed":null,"cards_transformed":null,"cards_upgraded":null,"relics_obtained":["Golden Idol"],"potions_obtained":null,"relics_lost":null,"damage_taken":0,"damage_healed":0,"max_hp_loss":0,"max_hp_gain":0,"gold_gain":0,"gold_loss":0},{"event_name":"WeMeetAgain","player_choice":"Gave Card","floor":20,"cards_obtained":null,"cards_removed":["Bane"],"cards_transformed":null,"cards_upgraded":null,"relics_obtained":["Du-Vu Doll"],"potions_obtained":null,"relics_lost":null,"damage_taken":0,"damage_healed":0,"max_hp_loss":0,"max_hp_gain":0,"gold_gain":0,"gold_loss":0}],"boss_relics":[{"picked":"Pandora's Box","not_picked":["Coffee Dripper","Snecko Eye"]}],"damage_taken":[{"floor":1,"enemies":"Jaw Worm","damage":12,"turns":4},{"floor":4,"enemies":"Cultist","damage":0,"turns":4},{"floor":7,"enemies":"Lagavulin","damage":21,"turns":8},{"floor":8,"enemies":"2 Louse","damage":9,"turns":2},{"floor":11,"enemies":"3 Sentries","damage":8,"turns":7},{"floor":13,"enemies":"Lagavulin","damage":8,"turns":5},{"floor":16,"enemies":"Hexaghost","damage":6,"turns":8},{"floor":18,"enemies":"3 Byrds","damage":9,"turns":4},{"floor":19,"enemies":"Spheric Guardian","damage":20,"turns":4},{"floor":21,"enemies":"Shelled Parasite and Fungi","damage":30,"turns":3}],"potions_obtained":[{"key":"LiquidMemories","floor":0},{"key":"DistilledChaos","floor":8},{"key":"Poison Potion","floor":11},{"key":"Weak Potion","floor":13},{"key":"ColorlessPotion","floor":16},{"key":"Energy Potion","floor":18},{"key":"PowerPotion","floor":19}],"relics_obtained":[{"key":"StoneCalendar","floor":7},{"key":"White Beast Statue","floor":9},{"key":"Vajra","floor":11},{"key":"Nunchaku","floor":13}],"campfire_choices":[{"floor":6,"key":"SMITH","data":"Caltrops"},{"floor":10,"key":"REST"},{"floor":12,"key":"SMITH","data":"Terror"},{"floor":15,"key":"SMITH","data":"Doppelganger"}],"circlet_count":0,"win_rate":0,"killed_by":"Shelled Parasite and Fungi"}