{"play_id":"794a0ef0-a047-493d-a959-35048a64870c","build_version":"2020-01-27","seed_played":"8593410317023207762","chose_seed":false,"seed_source_timestamp":2152661390463,"is_daily":false,"special_seed":null,"is_trial":false,"is_endless":false,"is_ascension_mode":true,"ascension_level":12,"neow_bonus":"BOSS_RELIC","neow_cost":"NONE","is_beta":false,"is_prod":false,"victory":false,"floor_reached":7,"score":62,"timestamp":1706113511,"local_time":"01/24/2024 16:25:11","playtime":220,"player_experience":506009,"master_deck":["AscendersBane","Strike_G","Strike_G","Strike_G","Strike_G","Strike_G","Defend_G","Defend_G","Defend_G","Defend_G","Defend_G","Survivor","Neutralize","Sucker Punch+1","Leg Sweep+1"],"relics":["Cursed Key","Juzu Bracelet"],"gold":125,"campfire_rested":0,"campfire_upgraded":1,"purchased_purges":0,"potions_floor_spawned":[],"potions_floor_usage":[],"current_hp_per_floor":[59,52,52,57,57,57,0],"max_hp_per_floor":[70,70,70,75,75,75,75],"gold_per_floor":[109,109,109,109,125,125,125],"path_per_floor":["M","?","?","?","M","R","E"],"path_taken":["M","?","?","?","M","R","E"],"items_purchased":[],"item_purchase_floors":[],"items_purged":[],"items_purged_floors":[],"character_chosen":"THE_SILENT","card_choices":[{"picked":"Sucker Punch","not_picked":["Deflect","Setup"],"floor":1},{"picked":"Leg Sweep","not_picked":["Infinite Blades","All Out Attack"],"floor":5}],"event_choices":[{"event_name":"Scrap Ooze","player_choice":"Success","floor":2,"cards_obtained":null,"cards_removed":null,"cards_transformed":null,"cards_upgraded":null,"relics_obtained":["Juzu Bracelet"],"potions_obtained":null,"relics_lost":null,"damage_taken":7,"damage_healed":0,"max_hp_loss":0,"max_hp_gain":0,"gold_gain":0,"gold_loss":0},{"event_name":"Upgrade Shrine","player_choice":"Upgraded","floor":3,"cards_obtained":null,"cards_removed":null,"cards_transformed":null,"cards_upgraded":["Sucker Punch"],"relics_obtained":null,"potions_obtained":null,"relics_lost":null,"damage_taken":0,"damage_healed":0,"max_hp_loss":0,"max_hp_gain":0,"gold_gain":0,"gold_loss":0},{"event_name":"Big Fish","player_choice":"Donut","floor":4,"cards_obtained":null,"cards_removed":null,"cards_transformed":null,"cards_upgraded":null,"relics_obtained":null,"potions_obtained":null,"relics_lost":null,"damage_taken":0,"damage_healed":0,"max_hp_loss":0,"max_hp_gain":5,"gold_gain":0,"gold_loss":0}],"boss_relics":[],"damage_taken":[{"floor":1,"enemies":"Small Slimes","damage":4,"turns":4},{"floor":5,"enemies":"2 Louse","damage":0,"turns":3},{"floor":7,"enemies":"Lagavulin","damage":59,"turns":14}],"potions_obtained":[],"relics_obtained":[],"campfire_choices":[{"floor":6,"key":"SMITH","data":"Leg Sweep"}],"circlet_count":0,"win_rate":0,"killed_by":"Lagavulin"}