{"play_id":"b58bfeb2-166f-45d8-b52e-4c20de8d8fb8","build_version":"2020-01-27","seed_played":"-6990980216106295677","chose_seed":false,"seed_source_timestamp":2613604289644,"is_daily":false,"special_seed":null,"is_trial":false,"is_endless":false,"is_ascension_mode":true,"ascension_level":12,"neow_bonus":"THREE_ENEMY_KILL","neow_cost":"NONE","is_beta":false,"is_prod":false,"victory":false,"floor_reached":16,"score":160,"timestamp":1706235714,"local_time":"01/26/2024 02:21:54","playtime":464,"player_experience":507225,"master_deck":["AscendersBane","Strike_G","Strike_G","Strike_G","Strike_G","Defend_G","Defend_G","Defend_G","Defend_G","Defend_G","Survivor","Neutralize","Dagger Throw","Footwork+1","Underhanded Strike+1","Deflect","PiercingWail","Sucker Punch+1","Underhanded Strike","Tactician+1"],"relics":["Ring of the Snake","NeowsBlessing","Toxic Egg 2","Ancient Tea Set","Regal Pillow"],"gold":158,"campfire_rested":0,"campfire_upgraded":3,"purchased_purges":0,"potions_floor_spawned":[1,5,10],"potions_floor_usage":[7,7,13,16,16],"current_hp_per_floor":[63,63,63,63,63,63,57,57,57,39,14,14,9,9,9,0],"max_hp_per_floor":[70,70,70,70,70,70,70,70,70,70,70,70,70,70,70,70],"gold_per_floor":[112,43,62,12,31,31,42,42,110,138,138,138,158,158,158,158],"path_per_floor":["M","$","M","$","M","R","M","R","T","E","?","?","M","?","R","B"],"path_taken":["M","$","M","$","M","R","M","R","T","E","?","?","?","?","R","BOSS"],"items_purchased":["Footwork","Deflect"],"item_purchase_floors":[2,4],"items_purged":[],"items_purged_floors":[],"character_chosen":"THE_SILENT","card_choices":[{"picked":"Dagger Throw","not_picked":["Escape Plan","Dodge and Roll"],"floor":1},{"picked":"Underhanded Strike","not_picked":["Bane","Expertise"],"floor":3},{"picked":"PiercingWail","not_picked":["Deadly Poison","Endless Agony"],"floor":5},{"picked":"Sucker Punch","not_picked":["Acrobatics","Dodge and Roll"],"floor":7},{"picked":"Underhanded Strike","not_picked":["Choke","Prepared+1"],"floor":10},{"picked":"Tactician+1","not_picked":["Bane","Poisoned Stab"],"floor":13}],"event_choices":[{"event_name":"Scrap Ooze","player_choice":"Success","floor":11,"cards_obtained":null,"cards_removed":null,"cards_transformed":null,"cards_upgraded":null,"relics_obtained":["Regal Pillow"],"potions_obtained":null,"relics_lost":null,"damage_taken":25,"damage_healed":0,"max_hp_loss":0,"max_hp_gain":0,"gold_gain":0,"gold_loss":0},{"event_name":"Purifier","player_choice":"Purged","floor":12,"cards_obtained":null,"cards_removed":["Strike_G"],"cards_transformed":null,"cards_upgraded":null,"relics_obtained":null,"potions_obtained":null,"relics_lost":null,"damage_taken":0,"damage_healed":0,"max_hp_loss":0,"max_hp_gain":0,"gold_gain":0,"gold_loss":0},{"event_name":"Lab","player_choice":"Got Potions","floor":14,"cards_obtained":null,"cards_removed":null,"cards_transformed":null,"cards_upgraded":null,"relics_obtained":null,"potions_obtained":null,"relics_lost":null,"damage_taken":0,"damage_healed":0,"max_hp_loss":0,"max_hp_gain":0,"gold_gain":0,"gold_loss":0}],"boss_relics":[],"damage_taken":[{"floor":1,"enemies":"Jaw Worm","damage":0,"turns":1},{"floor":3,"enemies":"Cultist","damage":0,"turns":1},{"floor":5,"enemies":"Small Slimes","damage":0,"turns":1},{"floor":7,"enemies":"Gremlin Gang","damage":6,"turns":3},{"floor":10,"enemies":"Lagavulin","damage":18,"turns":7},{"floor":13,"enemies":"Blue Slaver","damage":5,"turns":3},{"floor":16,"enemies":"Hexaghost","damage":10,"turns":9}],"potions_obtained":[{"key":"CunningPotion","floor":1},{"key":"Energy Potion","floor":5},{"key":"AttackPotion","floor":10},{"key":"CultistPotion","floor":14},{"key":"Poison Potion","floor":14}],"relics_obtained":[{"key":"Toxic Egg 2","floor":9},{"key":"Ancient Tea Set","floor":10}],"campfire_choices":[{"floor":6,"key":"SMITH","data":"Underhanded Strike"},{"floor":8,"key":"SMITH","data":"Sucker Punch"},{"floor":15,"key":"SMITH","data":"Footwork"}],"circlet_count":0,"win_rate":0,"killed_by":"Hexaghost"}