{"play_id":"9b8dbcb2-0f46-43a5-9604-eb36767a1d76","build_version":"2020-01-27","seed_played":"-996648174770881368","chose_seed":false,"seed_source_timestamp":6778374613679,"is_daily":false,"special_seed":null,"is_trial":false,"is_endless":false,"is_ascension_mode":true,"ascension_level":12,"neow_bonus":"THREE_ENEMY_KILL","neow_cost":"NONE","is_beta":false,"is_prod":false,"victory":true,"floor_reached":51,"score":1252,"timestamp":1707106062,"local_time":"02/05/2024 04:07:42","playtime":2900,"player_experience":512641,"master_deck":["AscendersBane","Defend_G","Defend_G","Survivor","Neutralize+1","Catalyst+1","Backflip","Bane+1","Blur","Poisoned Stab+1","Bouncing Flask+1","Poisoned Stab","Crippling Poison","Venomology+1","Masterful Stab+1","Crippling Poison+1","Underhanded Strike+1","Bouncing Flask","Outmaneuver+1","PiercingWail","Poisoned Stab+1","Corpse Explosion","Deflect+1","Madness+1","Madness+1","PiercingWail+1","Catalyst+1","PiercingWail+1","Phantasmal Killer+1"],"relics":["Ring of the Snake","NeowsBlessing","HornCleat","Bag of Marbles","Omamori","Toy Ornithopter","Astrolabe","Happy Flower","Potion Belt","Smiling Mask","Peace Pipe","Whetstone","Calling Bell","Pen Nib","Toxic Egg 2","Incense Burner","Gremlin Horn","Juzu Bracelet","Prayer Wheel","StoneCalendar","Shovel","StrikeDummy"],"gold":14,"campfire_rested":2,"campfire_upgraded":6,"purchased_purges":3,"potions_floor_spawned":[4,6,12,18,31,33,41,46],"potions_floor_usage":[11,11,14,24,29,29,29,29,30,33,33,35,42,44,44,50,50,50,50,50],"current_hp_per_floor":[63,63,63,63,63,63,63,61,61,61,60,33,33,38,38,18,57,42,42,42,42,42,42,32,32,32,32,32,43,41,31,52,39,62,47,38,38,29,29,50,32,41,41,24,66,66,66,66,66,53],"max_hp_per_floor":[70,70,70,70,70,70,70,70,70,70,70,70,70,70,70,70,70,70,70,70,70,70,70,70,70,70,70,70,70,70,70,70,70,70,70,70,70,70,70,70,70,75,75,75,66,66,66,66,66,66],"gold_per_floor":[116,116,41,56,56,83,83,101,101,101,115,144,25,42,42,140,140,159,159,159,59,59,59,88,88,111,111,127,154,172,198,198,303,303,313,313,313,328,26,26,53,103,103,138,138,156,14,14,14,14],"path_per_floor":["M","?","$","M","?","E","R","M","T","R","M","E","$","M","R","B",null,"M","?","?","$","$","R","E","R","T","R","M","E","M","E","R","B",null,"M","?","?","M","$","R","E","?","T","E","?","M","$","$","R","B",null],"path_taken":["M","?","$","M","?","E","R","?","T","R","M","E","$","M","R","BOSS","M","?","?","?","$","R","E","R","T","R","M","E","M","E","R","BOSS","M","?","?","M","$","R","E","?","T","E","?","M","?","$","R","BOSS"],"items_purchased":["Bouncing Flask","Poisoned Stab","Gremlin Horn","Phantasmal Killer+1"],"item_purchase_floors":[13,13,39,47],"items_purged":["Regret","Strike_G","Strike_G"],"items_purged_floors":[3,21,39],"character_chosen":"THE_SILENT","card_choices":[{"picked":"Catalyst","not_picked":["Prepared","Deflect"],"floor":1},{"picked":"SKIP","not_picked":["Dagger Spray","Reflex","Blade Dance"],"floor":4},{"picked":"Backflip","not_picked":["Dagger Spray","Wraith Form v2"],"floor":6},{"picked":"Bane","not_picked":["Concentrate","Sucker Punch"],"floor":8},{"picked":"Blur","not_picked":["PiercingWail","Acrobatics"],"floor":11},{"picked":"Poisoned Stab","not_picked":["Bane","PiercingWail"],"floor":12},{"picked":"Crippling Poison","not_picked":["Phantasmal Killer","Dodge and Roll"],"floor":14},{"picked":"Venomology","not_picked":["Wraith Form v2","After Image"],"floor":16},{"picked":"Bouncing Flask","not_picked":["Well Laid Plans","Eviscerate"],"floor":18},{"picked":"SKIP","not_picked":["Well Laid Plans","Slice","Skewer"],"floor":24},{"picked":"SKIP","not_picked":["Outmaneuver","Backstab","Predator"],"floor":28},{"picked":"SKIP","not_picked":["Predator","Endless Agony+1","Heel Hook"],"floor":29},{"picked":"PiercingWail","not_picked":["Terror","Quick Slash"],"floor":30},{"picked":"Poisoned Stab+1","not_picked":["Escape Plan","PiercingWail"],"floor":31},{"picked":"Corpse Explosion","not_picked":["Die Die Die","A Thousand Cuts"],"floor":33},{"picked":"Deflect+1","not_picked":["Deadly Poison+1","Sucker Punch+1"],"floor":35},{"picked":"PiercingWail+1","not_picked":["All Out Attack","Footwork"],"floor":38},{"picked":"SKIP","not_picked":["Sucker Punch","Flying Knee+1","Eviscerate"],"floor":41},{"picked":"Catalyst+1","not_picked":["All Out Attack","Acrobatics+1"],"floor":42},{"picked":"SKIP","not_picked":["Heel Hook","Endless Agony","Choke+1"],"floor":44},{"picked":"PiercingWail+1","not_picked":["Quick Slash","Flying Knee"],"floor":46},{"picked":"SKIP","not_picked":["Underhanded Strike","Heel Hook","Slice+1"],"floor":46}],"event_choices":[{"event_name":"Big Fish","player_choice":"Box","floor":2,"cards_obtained":["Regret"],"cards_removed":null,"cards_transformed":null,"cards_upgraded":null,"relics_obtained":["HornCleat"],"potions_obtained":null,"relics_lost":null,"damage_taken":0,"damage_healed":0,"max_hp_loss":0,"max_hp_gain":0,"gold_gain":0,"gold_loss":0},{"event_name":"Purifier","player_choice":"Purged","floor":5,"cards_obtained":null,"cards_removed":["Defend_G"],"cards_transformed":null,"cards_upgraded":null,"relics_obtained":null,"potions_obtained":null,"relics_lost":null,"damage_taken":0,"damage_healed":0,"max_hp_loss":0,"max_hp_gain":0,"gold_gain":0,"gold_loss":0},{"event_name":"The Mausoleum","player_choice":"Opened","floor":19,"cards_obtained":["Writhe"],"cards_removed":null,"cards_transformed":null,"cards_upgraded":null,"relics_obtained":["Happy Flower"],"potions_obtained":null,"relics_lost":null,"damage_taken":0,"damage_healed":0,"max_hp_loss":0,"max_hp_gain":0,"gold_gain":0,"gold_loss":0},{"event_name":"Drug Dealer","player_choice":"Became Test Subject","floor":20,"cards_obtained":["Doppelganger","Outmaneuver"],"cards_removed":null,"cards_transformed":["Strike_G","Defend_G"],"cards_upgraded":null,"relics_obtained":null,"potions_obtained":null,"relics_lost":null,"damage_taken":0,"damage_healed":0,"max_hp_loss":0,"max_hp_gain":0,"gold_gain":0,"gold_loss":0},{"event_name":"Winding Halls","player_choice":"Embrace Madness","floor":36,"cards_obtained":["Madness","Madness"],"cards_removed":null,"cards_transformed":null,"cards_upgraded":null,"relics_obtained":null,"potions_obtained":null,"relics_lost":null,"damage_taken":9,"damage_healed":0,"max_hp_loss":0,"max_hp_gain":0,"gold_gain":0,"gold_loss":0},{"event_name":"Falling","player_choice":"Removed Skill","floor":37,"cards_obtained":null,"cards_removed":["Doppelganger"],"cards_transformed":null,"cards_upgraded":null,"relics_obtained":null,"potions_obtained":null,"relics_lost":null,"damage_taken":0,"damage_healed":0,"max_hp_loss":0,"max_hp_gain":0,"gold_gain":0,"gold_loss":0},{"event_name":"MindBloom","player_choice":"Fight","floor":42,"cards_obtained":null,"cards_removed":null,"cards_transformed":null,"cards_upgraded":null,"relics_obtained":null,"potions_obtained":null,"relics_lost":null,"damage_taken":0,"damage_healed":0,"max_hp_loss":0,"max_hp_gain":0,"gold_gain":0,"gold_loss":0},{"event_name":"The Moai Head","player_choice":"Heal","floor":45,"cards_obtained":null,"cards_removed":null,"cards_transformed":null,"cards_upgraded":null,"relics_obtained":null,"potions_obtained":null,"relics_lost":null,"damage_taken":0,"damage_healed":66,"max_hp_loss":9,"max_hp_gain":0,"gold_gain":0,"gold_loss":0}],"boss_relics":[{"picked":"Astrolabe","not_picked":["Runic Dome","Black Star"]},{"picked":"Calling Bell","not_picked":["Cursed Key","Philosopher's Stone"]}],"damage_taken":[{"floor":1,"enemies":"2 Louse","damage":0,"turns":1},{"floor":4,"enemies":"Cultist","damage":0,"turns":1},{"floor":6,"enemies":"Gremlin Nob","damage":0,"turns":1},{"floor":8,"enemies":"Small Slimes","damage":2,"turns":4},{"floor":11,"enemies":"Exordium Thugs","damage":1,"turns":5},{"floor":12,"enemies":"3 Sentries","damage":27,"turns":13},{"floor":14,"enemies":"Looter","damage":0,"turns":1},{"floor":16,"enemies":"The Guardian","damage":20,"turns":8},{"floor":18,"enemies":"Chosen","damage":15,"turns":5},{"floor":24,"enemies":"Book of Stabbing","damage":15,"turns":4},{"floor":28,"enemies":"Spheric Guardian","damage":0,"turns":2},{"floor":29,"enemies":"Slavers","damage":9,"turns":4},{"floor":30,"enemies":"3 Cultists","damage":7,"turns":4},{"floor":31,"enemies":"Book of Stabbing","damage":10,"turns":4},{"floor":33,"enemies":"Collector","damage":23,"turns":7},{"floor":35,"enemies":"3 Darklings","damage":20,"turns":4},{"floor":38,"enemies":"3 Shapes","damage":9,"turns":4},{"floor":41,"enemies":"Nemesis","damage":18,"turns":7},{"floor":42,"enemies":"Mind Bloom Boss Battle","damage":1,"turns":5},{"floor":44,"enemies":"Giant Head","damage":27,"turns":7},{"floor":46,"enemies":"Sphere and 2 Shapes","damage":0,"turns":4},{"floor":50,"enemies":"Donu and Deca","damage":28,"turns":6}],"potions_obtained":[{"key":"Dexterity Potion","floor":4},{"key":"Explosive Potion","floor":6},{"key":"Energy Potion","floor":12},{"key":"SkillPotion","floor":18},{"key":"Fruit Juice","floor":31},{"key":"SkillPotion","floor":33},{"key":"Block Potion","floor":41}],"relics_obtained":[{"key":"Bag of Marbles","floor":6},{"key":"Omamori","floor":9},{"key":"Toy Ornithopter","floor":12},{"key":"Potion Belt","floor":24},{"key":"Smiling Mask","floor":26},{"key":"Peace Pipe","floor":29},{"key":"Whetstone","floor":31},{"key":"Pen Nib","floor":34},{"key":"Toxic Egg 2","floor":34},{"key":"Incense Burner","floor":34},{"key":"Juzu Bracelet","floor":41},{"key":"Prayer Wheel","floor":42},{"key":"StoneCalendar","floor":43},{"key":"Shovel","floor":44},{"key":"StrikeDummy","floor":49}],"campfire_choices":[{"floor":7,"key":"SMITH","data":"Catalyst"},{"floor":10,"key":"SMITH","data":"Bane"},{"floor":15,"key":"SMITH","data":"Bouncing Flask"},{"floor":23,"key":"SMITH","data":"Doppelganger"},{"floor":25,"key":"SMITH","data":"Venomology"},{"floor":27,"key":"SMITH","data":"Outmaneuver"},{"floor":32,"key":"REST"},{"floor":40,"key":"REST"},{"floor":49,"key":"DIG"}],"circlet_count":0,"win_rate":0,"killed_by":null}