{"play_id":"1f704c39-9639-4780-87ad-d5da17a3ef8a","build_version":"2020-01-27","seed_played":"-5989329459520196746","chose_seed":false,"seed_source_timestamp":1445008102125,"is_daily":false,"special_seed":null,"is_trial":false,"is_endless":false,"is_ascension_mode":true,"ascension_level":13,"neow_bonus":"THREE_ENEMY_KILL","neow_cost":"NONE","is_beta":false,"is_prod":false,"victory":false,"floor_reached":14,"score":149,"timestamp":1713238420,"local_time":"04/16/2024 03:33:40","playtime":434,"player_experience":618374,"master_deck":["AscendersBane","Strike_G","Strike_G","Strike_G","Strike_G","Defend_G","Defend_G","Defend_G","Defend_G","Defend_G+1","Survivor","Neutralize","Blade Dance","Riddle With Holes+1","Doubt","Sucker Punch+1","Dash","Poisoned Stab","Envenom"],"relics":["Ring of the Snake","NeowsBlessing","Juzu Bracelet","Centennial Puzzle"],"gold":490,"campfire_rested":1,"campfire_upgraded":1,"purchased_purges":0,"potions_floor_spawned":[8,10],"potions_floor_usage":[13,14],"current_hp_per_floor":[63,56,56,56,56,56,42,11,11,4,25,14,13,0],"max_hp_per_floor":[70,70,70,70,70,70,70,70,70,70,70,70,70,70],"gold_per_floor":[119,119,137,312,329,329,329,362,389,405,405,480,490,490],"path_per_floor":["M","?","M","?","M","R","?","E","T","M","R","?","M","M"],"path_taken":["M","?","M","?","?","R","?","E","T","M","R","?","M","M"],"items_purchased":[],"item_purchase_floors":[],"items_purged":[],"items_purged_floors":[],"character_chosen":"THE_SILENT","card_choices":[{"picked":"Blade Dance","not_picked":["Sucker Punch","Deflect"],"floor":1},{"picked":"Riddle With Holes","not_picked":["Acrobatics","PiercingWail"],"floor":3},{"picked":"Sucker Punch","not_picked":["Quick Slash","Riddle With Holes"],"floor":5},{"picked":"Dash","not_picked":["Bane","Caltrops"],"floor":8},{"picked":"Poisoned Stab","not_picked":["Flying Knee","Masterful Stab"],"floor":10},{"picked":"Envenom","not_picked":["Dagger Throw","Tactician"],"floor":13}],"event_choices":[{"event_name":"Golden Wing","player_choice":"Card Removal","floor":2,"cards_obtained":null,"cards_removed":["Strike_G"],"cards_transformed":null,"cards_upgraded":null,"relics_obtained":null,"potions_obtained":null,"relics_lost":null,"damage_taken":7,"damage_healed":0,"max_hp_loss":0,"max_hp_gain":0,"gold_gain":0,"gold_loss":0},{"event_name":"Liars Game","player_choice":"AGREE","floor":4,"cards_obtained":["Doubt"],"cards_removed":null,"cards_transformed":null,"cards_upgraded":null,"relics_obtained":null,"potions_obtained":null,"relics_lost":null,"damage_taken":0,"damage_healed":0,"max_hp_loss":0,"max_hp_gain":0,"gold_gain":175,"gold_loss":0},{"event_name":"Shining Light","player_choice":"Entered Light","floor":7,"cards_obtained":null,"cards_removed":null,"cards_transformed":null,"cards_upgraded":["Defend_G","Sucker Punch"],"relics_obtained":null,"potions_obtained":null,"relics_lost":null,"damage_taken":14,"damage_healed":0,"max_hp_loss":0,"max_hp_gain":0,"gold_gain":0,"gold_loss":0},{"event_name":"World of Goop","player_choice":"Gather Gold","floor":12,"cards_obtained":null,"cards_removed":null,"cards_transformed":null,"cards_upgraded":null,"relics_obtained":null,"potions_obtained":null,"relics_lost":null,"damage_taken":11,"damage_healed":0,"max_hp_loss":0,"max_hp_gain":0,"gold_gain":75,"gold_loss":0}],"boss_relics":[],"damage_taken":[{"floor":1,"enemies":"Jaw Worm","damage":0,"turns":1},{"floor":3,"enemies":"2 Louse","damage":0,"turns":1},{"floor":5,"enemies":"Small Slimes","damage":0,"turns":1},{"floor":8,"enemies":"Gremlin Nob","damage":31,"turns":5},{"floor":10,"enemies":"Blue Slaver","damage":7,"turns":3},{"floor":13,"enemies":"Looter","damage":1,"turns":3},{"floor":14,"enemies":"Gremlin Gang","damage":15,"turns":3}],"potions_obtained":[{"key":"SpeedPotion","floor":8},{"key":"CunningPotion","floor":10}],"relics_obtained":[{"key":"Juzu Bracelet","floor":8},{"key":"Centennial Puzzle","floor":9}],"campfire_choices":[{"floor":6,"key":"SMITH","data":"Riddle With Holes"},{"floor":11,"key":"REST"}],"circlet_count":0,"win_rate":0,"killed_by":"Gremlin Gang"}