{"play_id":"8a867ad5-ed22-46e2-810d-7e9d5f9346c1","build_version":"2020-01-27","seed_played":"-2032195481114699909","chose_seed":false,"seed_source_timestamp":4046436561214,"is_daily":false,"special_seed":null,"is_trial":false,"is_endless":false,"is_ascension_mode":true,"ascension_level":13,"neow_bonus":"RANDOM_COLORLESS_2","neow_cost":"TEN_PERCENT_HP_LOSS","is_beta":false,"is_prod":false,"victory":true,"floor_reached":51,"score":1231,"timestamp":1713706839,"local_time":"04/21/2024 13:40:39","playtime":3338,"player_experience":622040,"master_deck":["AscendersBane","Defend_G","Defend_G","Defend_G","Survivor","Neutralize+1","Panache+1","Endless Agony","Crippling Poison+1","Corpse Explosion+1","Heel Hook","Poisoned Stab","Infinite Blades","Corpse Explosion+1","Distraction+1","Wraith Form v2+1","Masterful Stab+1","Blade Dance+1","Caltrops+1","Deflect","Backflip","Glass Knife+1","Deflect","Leg Sweep+1","Venomology+1","Dodge and Roll+1","PiercingWail+1","Noxious Fumes+1"],"relics":["Ring of the Snake","Eternal Feather","Thread and Needle","Golden Idol","Boot","Bronze Scales","Astrolabe","Pantograph","HornCleat","Calipers","Sundial","Black Star","Toxic Egg 2","Vajra","Juzu Bracelet","Frozen Egg 2","Singing Bowl","Gambling Chip","Ninja Scroll","Bottled Flame","Smiling Mask"],"gold":206,"campfire_rested":1,"campfire_upgraded":8,"purchased_purges":1,"potions_floor_spawned":[7,13,16,18,24,30,31,42,44,46,48],"potions_floor_usage":[10,18,33,33,40,42,44,46,48,48,50,50,50,50,50,50],"current_hp_per_floor":[63,60,60,53,53,62,36,36,36,35,44,44,44,44,53,29,51,43,43,43,43,43,55,25,37,37,37,37,37,32,19,48,49,56,56,56,56,54,54,28,43,39,39,32,32,32,47,52,59,19],"max_hp_per_floor":[63,63,63,63,63,63,63,58,58,58,58,58,58,58,58,58,58,58,58,58,58,58,58,58,58,58,58,58,58,58,58,58,58,58,58,58,58,58,55,55,55,57,57,59,59,59,59,59,59,59],"gold_per_floor":[113,113,36,54,54,54,82,82,131,165,165,90,110,126,126,222,222,243,268,282,282,282,282,316,316,316,329,329,21,41,72,72,167,167,185,185,36,55,55,96,96,134,134,170,170,183,183,206,206,206],"path_per_floor":["M","?","$","M","?","R","E","?","T","E","R","$","M","M","R","B",null,"M","M","M","?","?","R","E","R","T","M","?","$","M","E","R","B",null,"M","T","$","M","?","E","R","E","T","E","?","M","R","M","R","B",null],"path_taken":["M","?","$","M","?","R","E","?","T","E","R","?","M","M","R","BOSS","M","?","M","?","?","R","E","R","T","?","?","$","M","E","R","BOSS","M","?","$","M","?","E","R","E","T","E","?","M","R","M","R","BOSS"],"items_purchased":["Endless Agony","Calipers","Vajra"],"item_purchase_floors":[3,29,37],"items_purged":["Strike_G"],"items_purged_floors":[12],"character_chosen":"THE_SILENT","card_choices":[{"picked":"Panache","not_picked":["Secret Technique","Magnetism"],"floor":0},{"picked":"SKIP","not_picked":["Setup","Acrobatics","Dagger Spray"],"floor":1},{"picked":"Crippling Poison","not_picked":["Slice","Outmaneuver"],"floor":4},{"picked":"Heel Hook","not_picked":["Outmaneuver","Footwork"],"floor":7},{"picked":"SKIP","not_picked":["Dagger Throw","Prepared","Unload"],"floor":10},{"picked":"Poisoned Stab","not_picked":["Quick Slash","Outmaneuver"],"floor":13},{"picked":"Infinite Blades","not_picked":["Deflect","Poisoned Stab"],"floor":14},{"picked":"Corpse Explosion","not_picked":["Doppelganger","Grand Finale"],"floor":16},{"picked":"Blade Dance","not_picked":["Sucker Punch","Prepared"],"floor":18},{"picked":"SKIP","not_picked":["Acrobatics+1","Sucker Punch","Tactician"],"floor":19},{"picked":"Caltrops","not_picked":["Distraction","Sucker Punch"],"floor":20},{"picked":"SKIP","not_picked":["Well Laid Plans","Deflect","Outmaneuver"],"floor":24},{"picked":"Backflip","not_picked":["Finisher","Infinite Blades"],"floor":27},{"picked":"Deflect","not_picked":["Poisoned Stab","Choke"],"floor":30},{"picked":"Leg Sweep+1","not_picked":["Quick Slash","Bouncing Flask"],"floor":31},{"picked":"Venomology","not_picked":["A Thousand Cuts","Unload"],"floor":33},{"picked":"SKIP","not_picked":["Sucker Punch","Flying Knee+1","Expertise"],"floor":35},{"picked":"SKIP","not_picked":["Backflip+1","Deadly Poison+1","Dagger Throw+1"],"floor":38},{"picked":"Dodge and Roll+1","not_picked":["Dagger Spray","Deadly Poison+1"],"floor":40},{"picked":"Singing Bowl","not_picked":["Dagger Spray","Calculated Gamble+1","Reflex+1"],"floor":42},{"picked":"Singing Bowl","not_picked":["Finisher","Flying Knee","Calculated Gamble+1"],"floor":44},{"picked":"PiercingWail+1","not_picked":["Dodge and Roll+1","Quick Slash"],"floor":46},{"picked":"Noxious Fumes+1","not_picked":["Underhanded Strike+1","Deflect+1"],"floor":48}],"event_choices":[{"event_name":"Scrap Ooze","player_choice":"Success","floor":2,"cards_obtained":null,"cards_removed":null,"cards_transformed":null,"cards_upgraded":null,"relics_obtained":["Eternal Feather"],"potions_obtained":null,"relics_lost":null,"damage_taken":3,"damage_healed":0,"max_hp_loss":0,"max_hp_gain":0,"gold_gain":0,"gold_loss":0},{"event_name":"Living Wall","player_choice":"Change","floor":5,"cards_obtained":["Corpse Explosion"],"cards_removed":null,"cards_transformed":["Defend_G"],"cards_upgraded":null,"relics_obtained":null,"potions_obtained":null,"relics_lost":null,"damage_taken":0,"damage_healed":0,"max_hp_loss":0,"max_hp_gain":0,"gold_gain":0,"gold_loss":0},{"event_name":"Golden Idol","player_choice":"Lose Max HP","floor":8,"cards_obtained":null,"cards_removed":null,"cards_transformed":null,"cards_upgraded":null,"relics_obtained":["Golden Idol"],"potions_obtained":null,"relics_lost":null,"damage_taken":0,"damage_healed":0,"max_hp_loss":5,"max_hp_gain":0,"gold_gain":0,"gold_loss":0},{"event_name":"Drug Dealer","player_choice":"Became Test Subject","floor":21,"cards_obtained":["Underhanded Strike","Deflect"],"cards_removed":null,"cards_transformed":["Strike_G","Strike_G"],"cards_upgraded":null,"relics_obtained":null,"potions_obtained":null,"relics_lost":null,"damage_taken":0,"damage_healed":0,"max_hp_loss":0,"max_hp_gain":0,"gold_gain":0,"gold_loss":0},{"event_name":"Purifier","player_choice":"Purged","floor":22,"cards_obtained":null,"cards_removed":["Underhanded Strike"],"cards_transformed":null,"cards_upgraded":null,"relics_obtained":null,"potions_obtained":null,"relics_lost":null,"damage_taken":0,"damage_healed":0,"max_hp_loss":0,"max_hp_gain":0,"gold_gain":0,"gold_loss":0},{"event_name":"Match and Keep!","player_choice":"1 cards matched","floor":28,"cards_obtained":["Glass Knife"],"cards_removed":null,"cards_transformed":null,"cards_upgraded":null,"relics_obtained":null,"potions_obtained":null,"relics_lost":null,"damage_taken":0,"damage_healed":0,"max_hp_loss":0,"max_hp_gain":0,"gold_gain":0,"gold_loss":0},{"event_name":"Winding Halls","player_choice":"Max HP","floor":39,"cards_obtained":null,"cards_removed":null,"cards_transformed":null,"cards_upgraded":null,"relics_obtained":null,"potions_obtained":null,"relics_lost":null,"damage_taken":0,"damage_healed":0,"max_hp_loss":3,"max_hp_gain":0,"gold_gain":0,"gold_loss":0},{"event_name":"Upgrade Shrine","player_choice":"Upgraded","floor":45,"cards_obtained":null,"cards_removed":null,"cards_transformed":null,"cards_upgraded":["Venomology"],"relics_obtained":null,"potions_obtained":null,"relics_lost":null,"damage_taken":0,"damage_healed":0,"max_hp_loss":0,"max_hp_gain":0,"gold_gain":0,"gold_loss":0}],"boss_relics":[{"picked":"Astrolabe","not_picked":["Busted Crown","SacredBark"]},{"picked":"Black Star","not_picked":["Pandora's Box","Tiny House"]}],"damage_taken":[{"floor":1,"enemies":"2 Louse","damage":0,"turns":3},{"floor":4,"enemies":"Jaw Worm","damage":7,"turns":2},{"floor":7,"enemies":"Gremlin Nob","damage":26,"turns":5},{"floor":10,"enemies":"3 Sentries","damage":1,"turns":3},{"floor":13,"enemies":"Cultist","damage":0,"turns":3},{"floor":14,"enemies":"Exordium Thugs","damage":0,"turns":3},{"floor":16,"enemies":"Slime Boss","damage":24,"turns":6},{"floor":18,"enemies":"3 Byrds","damage":8,"turns":2},{"floor":19,"enemies":"Spheric Guardian","damage":0,"turns":3},{"floor":20,"enemies":"Snake Plant","damage":0,"turns":3},{"floor":24,"enemies":"Slavers","damage":30,"turns":2},{"floor":27,"enemies":"Sentry and Sphere","damage":0,"turns":2},{"floor":30,"enemies":"Centurion and Healer","damage":5,"turns":5},{"floor":31,"enemies":"Book of Stabbing","damage":13,"turns":4},{"floor":33,"enemies":"Automaton","damage":9,"turns":10},{"floor":35,"enemies":"Orb Walker","damage":0,"turns":5},{"floor":38,"enemies":"3 Shapes","damage":2,"turns":4},{"floor":40,"enemies":"Nemesis","damage":26,"turns":7},{"floor":42,"enemies":"Reptomancer","damage":6,"turns":7},{"floor":44,"enemies":"Nemesis","damage":9,"turns":7},{"floor":46,"enemies":"Transient","damage":0,"turns":5},{"floor":48,"enemies":"3 Darklings","damage":0,"turns":2},{"floor":50,"enemies":"Time Eater","damage":40,"turns":12}],"potions_obtained":[{"key":"SkillPotion","floor":7},{"key":"Strength Potion","floor":13},{"key":"GamblersBrew","floor":16},{"key":"FairyPotion","floor":18},{"key":"CunningPotion","floor":24},{"key":"Energy Potion","floor":48}],"relics_obtained":[{"key":"Thread and Needle","floor":7},{"key":"Boot","floor":9},{"key":"Bronze Scales","floor":10},{"key":"Pantograph","floor":24},{"key":"HornCleat","floor":26},{"key":"Sundial","floor":31},{"key":"Toxic Egg 2","floor":36},{"key":"Juzu Bracelet","floor":40},{"key":"Frozen Egg 2","floor":40},{"key":"Singing Bowl","floor":42},{"key":"Gambling Chip","floor":42},{"key":"Ninja Scroll","floor":43},{"key":"Bottled Flame","floor":44},{"key":"Smiling Mask","floor":44}],"campfire_choices":[{"floor":6,"key":"SMITH","data":"Crippling Poison"},{"floor":11,"key":"SMITH","data":"Corpse Explosion"},{"floor":15,"key":"SMITH","data":"Panache"},{"floor":23,"key":"SMITH","data":"Blade Dance"},{"floor":25,"key":"SMITH","data":"Corpse Explosion"},{"floor":32,"key":"REST"},{"floor":41,"key":"SMITH","data":"Glass Knife"},{"floor":47,"key":"SMITH","data":"Neutralize"},{"floor":49,"key":"SMITH","data":"Caltrops"}],"circlet_count":0,"win_rate":0,"killed_by":null}