{"play_id":"0ba5cea0-c888-4317-bfeb-6e26c6030ca6","build_version":"2020-01-27","seed_played":"-3507896375013158859","chose_seed":false,"seed_source_timestamp":0,"is_daily":false,"special_seed":0,"is_trial":false,"is_endless":false,"is_ascension_mode":true,"ascension_level":13,"neow_bonus":"ONE_RARE_RELIC","neow_cost":"TEN_PERCENT_HP_LOSS","is_beta":false,"is_prod":false,"victory":false,"floor_reached":11,"score":134,"timestamp":1713108582,"local_time":"04/14/2024 15:29:42","playtime":336,"player_experience":618038,"master_deck":["AscendersBane","Strike_G","Strike_G","Strike_G","Strike_G","Defend_G","Defend_G","Defend_G","Defend_G","Defend_G","Survivor","Neutralize","Slice","Swift Strike","Deadly Poison+1","Leg Sweep","Backstab","Backflip+1","Deadly Poison","Slice"],"relics":["Ring of the Snake","Calipers","Tiny Chest","Matryoshka","War Paint","Happy Flower"],"gold":40,"campfire_rested":0,"campfire_upgraded":0,"purchased_purges":1,"potions_floor_spawned":[4,5],"potions_floor_usage":[6],"current_hp_per_floor":[63,63,63,63,61,36,36,4,4,4,0],"max_hp_per_floor":[63,63,63,63,63,63,63,63,63,63,63],"gold_per_floor":[115,115,63,79,96,122,102,137,137,40,40],"path_per_floor":["M","?","$","M","M","E","?","E","T","$","M"],"path_taken":["M","?","?","M","M","E","?","E","T","$","M"],"items_purchased":["Deadly Poison","Slice"],"item_purchase_floors":[3,10],"items_purged":["Strike_G"],"items_purged_floors":[10],"character_chosen":"THE_SILENT","card_choices":[{"picked":"Slice","not_picked":["Dagger Spray","Dagger Throw"],"floor":1},{"picked":"Leg Sweep","not_picked":["Sucker Punch","PiercingWail"],"floor":4},{"picked":"Backstab","not_picked":["Prepared","Underhanded Strike"],"floor":5},{"picked":"Backflip","not_picked":["Underhanded Strike","Prepared"],"floor":6},{"picked":"Deadly Poison","not_picked":["Finisher","Underhanded Strike"],"floor":8}],"event_choices":[{"event_name":"Match and Keep!","player_choice":"1 cards matched","floor":2,"cards_obtained":["Swift Strike"],"cards_removed":null,"cards_transformed":null,"cards_upgraded":null,"relics_obtained":null,"potions_obtained":null,"relics_lost":null,"damage_taken":0,"damage_healed":0,"max_hp_loss":0,"max_hp_gain":0,"gold_gain":0,"gold_loss":0},{"event_name":"The Woman in Blue","player_choice":"Bought 1 Potion","floor":7,"cards_obtained":null,"cards_removed":null,"cards_transformed":null,"cards_upgraded":null,"relics_obtained":null,"potions_obtained":null,"relics_lost":null,"damage_taken":0,"damage_healed":0,"max_hp_loss":0,"max_hp_gain":0,"gold_gain":0,"gold_loss":0}],"boss_relics":[],"damage_taken":[{"floor":1,"enemies":"2 Louse","damage":0,"turns":3},{"floor":4,"enemies":"Cultist","damage":0,"turns":4},{"floor":5,"enemies":"Jaw Worm","damage":2,"turns":5},{"floor":6,"enemies":"Lagavulin","damage":25,"turns":6},{"floor":8,"enemies":"Gremlin Nob","damage":32,"turns":5},{"floor":11,"enemies":"3 Louse","damage":6,"turns":1}],"potions_obtained":[{"key":"SteroidPotion","floor":4},{"key":"SpeedPotion","floor":5},{"key":"GhostInAJar","floor":7}],"relics_obtained":[{"key":"Tiny Chest","floor":6},{"key":"Matryoshka","floor":8},{"key":"War Paint","floor":9},{"key":"Happy Flower","floor":9}],"campfire_choices":[],"circlet_count":0,"win_rate":0,"killed_by":"3 Louse"}