{"play_id":"81ecfe4c-b94f-41db-bf4b-cf4c3dc85c34","build_version":"2020-01-27","seed_played":"-665133750501576704","chose_seed":false,"seed_source_timestamp":1733591084597,"is_daily":false,"special_seed":null,"is_trial":false,"is_endless":false,"is_ascension_mode":true,"ascension_level":13,"neow_bonus":"THREE_ENEMY_KILL","neow_cost":"NONE","is_beta":false,"is_prod":false,"victory":false,"floor_reached":23,"score":455,"timestamp":1713298368,"local_time":"04/16/2024 20:12:48","playtime":818,"player_experience":618808,"master_deck":["AscendersBane","Strike_G","Strike_G","Strike_G+1","Strike_G","Defend_G+1","Defend_G","Defend_G","Defend_G","Defend_G","Survivor","Neutralize","Deadly Poison","Deadly Poison","Poisoned Stab","Footwork+1","Doppelganger+1","Deflect","Catalyst+1","Poisoned Stab","PiercingWail","Glass Knife","CurseOfTheBell","Terror","Poisoned Stab","Noxious Fumes","PiercingWail","Glass Knife"],"relics":["Ring of the Snake","NeowsBlessing","Bag of Preparation","Prayer Wheel","Ginger","Calling Bell","Happy Flower","Eternal Feather","Tingsha","Turnip"],"gold":334,"campfire_rested":0,"campfire_upgraded":3,"purchased_purges":1,"potions_floor_spawned":[2,8,11,16,21],"potions_floor_usage":[13,22,23],"current_hp_per_floor":[63,63,63,63,56,56,42,42,42,42,42,42,33,13,13,13,56,45,45,45,33,17,0],"max_hp_per_floor":[70,70,70,70,70,70,70,70,70,70,70,70,70,70,70,70,70,70,70,70,70,70,70],"gold_per_floor":[109,122,297,15,15,15,15,48,48,48,64,80,95,121,121,195,195,211,310,310,322,334,334],"path_per_floor":["M","M","?","$","?","R","?","E","T","R","M","M","M","E","R","B",null,"M","?","T","M","M","E"],"path_taken":["M","M","?","$","?","R","?","E","T","R","M","?","M","E","R","BOSS","M","?","?","?","M","E"],"items_purchased":["Poisoned Stab","Footwork","Doppelganger"],"item_purchase_floors":[4,4,4],"items_purged":["Doubt"],"items_purged_floors":[4],"character_chosen":"THE_SILENT","card_choices":[{"picked":"Deadly Poison","not_picked":["Deflect","Dagger Throw"],"floor":1},{"picked":"Deadly Poison","not_picked":["Backflip","Slice"],"floor":2},{"picked":"Deflect","not_picked":["Blade Dance","Leg Sweep"],"floor":8},{"picked":"Catalyst","not_picked":["Concentrate","Prepared"],"floor":11},{"picked":"Poisoned Stab","not_picked":["PiercingWail","Escape Plan"],"floor":11},{"picked":"PiercingWail","not_picked":["Reflex","Underhanded Strike"],"floor":12},{"picked":"SKIP","not_picked":["Deadly Poison","Dagger Spray","Flying Knee"],"floor":12},{"picked":"SKIP","not_picked":["Heel Hook","Outmaneuver","Blade Dance"],"floor":13},{"picked":"SKIP","not_picked":["Quick Slash","Outmaneuver","Acrobatics"],"floor":13},{"picked":"SKIP","not_picked":["A Thousand Cuts","Riddle With Holes","Sucker Punch"],"floor":14},{"picked":"Glass Knife","not_picked":["Bullet Time","Unload"],"floor":16},{"picked":"Terror","not_picked":["Dagger Throw","Riddle With Holes"],"floor":18},{"picked":"Poisoned Stab","not_picked":["Sucker Punch","Finisher"],"floor":18},{"picked":"Noxious Fumes","not_picked":["Backflip","Underhanded Strike"],"floor":21},{"picked":"SKIP","not_picked":["Deadly Poison","Slice","Dagger Throw"],"floor":21},{"picked":"PiercingWail","not_picked":["Infinite Blades+1","Flechettes"],"floor":22},{"picked":"Glass Knife","not_picked":["Deadly Poison+1","Flying Knee"],"floor":22}],"event_choices":[{"event_name":"Liars Game","player_choice":"AGREE","floor":3,"cards_obtained":["Doubt"],"cards_removed":null,"cards_transformed":null,"cards_upgraded":null,"relics_obtained":null,"potions_obtained":null,"relics_lost":null,"damage_taken":0,"damage_healed":0,"max_hp_loss":0,"max_hp_gain":0,"gold_gain":175,"gold_loss":0},{"event_name":"Golden Wing","player_choice":"Card Removal","floor":5,"cards_obtained":null,"cards_removed":["Strike_G"],"cards_transformed":null,"cards_upgraded":null,"relics_obtained":null,"potions_obtained":null,"relics_lost":null,"damage_taken":7,"damage_healed":0,"max_hp_loss":0,"max_hp_gain":0,"gold_gain":0,"gold_loss":0},{"event_name":"Shining Light","player_choice":"Entered Light","floor":7,"cards_obtained":null,"cards_removed":null,"cards_transformed":null,"cards_upgraded":["Strike_G","Defend_G"],"relics_obtained":null,"potions_obtained":null,"relics_lost":null,"damage_taken":14,"damage_healed":0,"max_hp_loss":0,"max_hp_gain":0,"gold_gain":0,"gold_loss":0},{"event_name":"Nest","player_choice":"Stole From Cult","floor":19,"cards_obtained":null,"cards_removed":null,"cards_transformed":null,"cards_upgraded":null,"relics_obtained":null,"potions_obtained":null,"relics_lost":null,"damage_taken":0,"damage_healed":0,"max_hp_loss":0,"max_hp_gain":0,"gold_gain":99,"gold_loss":0}],"boss_relics":[{"picked":"Calling Bell","not_picked":["SacredBark","Sozu"]}],"damage_taken":[{"floor":1,"enemies":"Cultist","damage":0,"turns":1},{"floor":2,"enemies":"2 Louse","damage":0,"turns":1},{"floor":8,"enemies":"Gremlin Nob","damage":0,"turns":1},{"floor":11,"enemies":"Jaw Worm","damage":0,"turns":3},{"floor":12,"enemies":"2 Fungi Beasts","damage":0,"turns":3},{"floor":13,"enemies":"Exordium Wildlife","damage":9,"turns":5},{"floor":14,"enemies":"3 Sentries","damage":20,"turns":7},{"floor":16,"enemies":"The Guardian","damage":0,"turns":6},{"floor":18,"enemies":"Spheric Guardian","damage":11,"turns":4},{"floor":21,"enemies":"Chosen","damage":12,"turns":4},{"floor":22,"enemies":"Centurion and Healer","damage":16,"turns":5},{"floor":23,"enemies":"Gremlin Leader","damage":21,"turns":7}],"potions_obtained":[{"key":"Energy Potion","floor":2},{"key":"Dexterity Potion","floor":8},{"key":"FairyPotion","floor":16},{"key":"GhostInAJar","floor":21}],"relics_obtained":[{"key":"Bag of Preparation","floor":8},{"key":"Prayer Wheel","floor":9},{"key":"Ginger","floor":14},{"key":"Happy Flower","floor":17},{"key":"Eternal Feather","floor":17},{"key":"Tingsha","floor":17},{"key":"Turnip","floor":20}],"campfire_choices":[{"floor":6,"key":"SMITH","data":"Doppelganger"},{"floor":10,"key":"SMITH","data":"Footwork"},{"floor":15,"key":"SMITH","data":"Catalyst"}],"circlet_count":0,"win_rate":0,"killed_by":"Gremlin Leader"}