{"play_id":"025624d7-353e-4eaf-97c4-61d5d4a9b919","build_version":"2020-01-27","seed_played":"3251405491954169627","chose_seed":false,"seed_source_timestamp":497827823988,"is_daily":false,"special_seed":null,"is_trial":false,"is_endless":false,"is_ascension_mode":true,"ascension_level":13,"neow_bonus":"BOSS_RELIC","neow_cost":"NONE","is_beta":false,"is_prod":false,"victory":false,"floor_reached":16,"score":178,"timestamp":1713061170,"local_time":"04/14/2024 02:19:30","playtime":1217,"player_experience":616821,"master_deck":["AscendersBane","Strike_G","Strike_G","Strike_G","Strike_G","Defend_G","Defend_G","Defend_G","Defend_G","Survivor","Neutralize","All Out Attack+1","Endless Agony+1","Bullet Time","Crippling Poison","Backflip","Noxious Fumes","Sucker Punch","Bane"],"relics":["Runic Pyramid","Golden Idol","Bronze Scales","Question Card","Snake Skull"],"gold":43,"campfire_rested":1,"campfire_upgraded":2,"purchased_purges":1,"potions_floor_spawned":[7,10,14],"potions_floor_usage":[10],"current_hp_per_floor":[62,62,62,62,67,67,40,40,40,40,12,12,11,10,32,0],"max_hp_per_floor":[70,70,70,70,75,75,75,75,75,75,75,75,75,75,75,75],"gold_per_floor":[115,115,115,65,65,65,99,99,99,119,159,8,29,43,43,43],"path_per_floor":["M","?","?","?","?","R","E","R","T","M","E","$","M","M","R","B"],"path_taken":["M","?","?","?","?","R","E","R","T","M","E","?","M","?","R","BOSS"],"items_purchased":["Noxious Fumes"],"item_purchase_floors":[12],"items_purged":["Defend_G"],"items_purged_floors":[12],"character_chosen":"THE_SILENT","card_choices":[{"picked":"All Out Attack","not_picked":["Dagger Spray","Outmaneuver"],"floor":1},{"picked":"Bullet Time","not_picked":["Concentrate","Poisoned Stab"],"floor":7},{"picked":"Crippling Poison","not_picked":["Endless Agony","Dagger Throw","Deflect"],"floor":10},{"picked":"Backflip","not_picked":["Setup","Outmaneuver","Skewer"],"floor":11},{"picked":"Sucker Punch","not_picked":["Deflect","Eviscerate","Distraction"],"floor":13},{"picked":"Bane","not_picked":["Outmaneuver","Slice","Acrobatics"],"floor":14}],"event_choices":[{"event_name":"Living Wall","player_choice":"Change","floor":2,"cards_obtained":["Endless Agony"],"cards_removed":null,"cards_transformed":["Strike_G"],"cards_upgraded":null,"relics_obtained":null,"potions_obtained":null,"relics_lost":null,"damage_taken":0,"damage_healed":0,"max_hp_loss":0,"max_hp_gain":0,"gold_gain":0,"gold_loss":0},{"event_name":"Golden Idol","player_choice":"Take Wound","floor":3,"cards_obtained":["Injury"],"cards_removed":null,"cards_transformed":null,"cards_upgraded":null,"relics_obtained":["Golden Idol"],"potions_obtained":null,"relics_lost":null,"damage_taken":0,"damage_healed":0,"max_hp_loss":0,"max_hp_gain":0,"gold_gain":0,"gold_loss":0},{"event_name":"The Cleric","player_choice":"Card Removal","floor":4,"cards_obtained":null,"cards_removed":["Injury"],"cards_transformed":null,"cards_upgraded":null,"relics_obtained":null,"potions_obtained":null,"relics_lost":null,"damage_taken":0,"damage_healed":0,"max_hp_loss":0,"max_hp_gain":0,"gold_gain":0,"gold_loss":50},{"event_name":"Big Fish","player_choice":"Donut","floor":5,"cards_obtained":null,"cards_removed":null,"cards_transformed":null,"cards_upgraded":null,"relics_obtained":null,"potions_obtained":null,"relics_lost":null,"damage_taken":0,"damage_healed":0,"max_hp_loss":0,"max_hp_gain":5,"gold_gain":0,"gold_loss":0}],"boss_relics":[],"damage_taken":[{"floor":1,"enemies":"Small Slimes","damage":1,"turns":4},{"floor":7,"enemies":"3 Sentries","damage":27,"turns":12},{"floor":10,"enemies":"2 Louse","damage":0,"turns":2},{"floor":11,"enemies":"Gremlin Nob","damage":28,"turns":5},{"floor":13,"enemies":"Jaw Worm","damage":1,"turns":3},{"floor":14,"enemies":"2 Fungi Beasts","damage":1,"turns":3},{"floor":16,"enemies":"Slime Boss","damage":43,"turns":7}],"potions_obtained":[{"key":"Swift Potion","floor":7},{"key":"BlessingOfTheForge","floor":10},{"key":"Energy Potion","floor":14}],"relics_obtained":[{"key":"Bronze Scales","floor":7},{"key":"Question Card","floor":9},{"key":"Snake Skull","floor":11}],"campfire_choices":[{"floor":6,"key":"SMITH","data":"Endless Agony"},{"floor":8,"key":"SMITH","data":"All Out Attack"},{"floor":15,"key":"REST"}],"circlet_count":0,"win_rate":0,"killed_by":"Slime Boss"}