{"play_id":"d996e9cb-32e5-4988-ae4d-c4645b3c88ec","build_version":"2020-01-27","seed_played":"9022076450079420753","chose_seed":false,"seed_source_timestamp":1667218061334,"is_daily":false,"special_seed":null,"is_trial":false,"is_endless":false,"is_ascension_mode":true,"ascension_level":14,"neow_bonus":"BOSS_RELIC","neow_cost":"NONE","is_beta":false,"is_prod":false,"victory":false,"floor_reached":29,"score":413,"timestamp":1723479556,"local_time":"08/12/2024 16:19:16","playtime":878,"player_experience":650097,"master_deck":["AscendersBane","Strike_G","Strike_G","Strike_G","Defend_G","Defend_G","Defend_G","Defend_G","Survivor","Neutralize+1","Noxious Fumes+1","Dagger Throw","Dagger Spray+1","Poisoned Stab+1","Slice","Backflip","Glass Knife","Bouncing Flask","Terror"],"relics":["Empty Cage","Golden Idol","Gremlin Horn","Bag of Marbles","Oddly Smooth Stone","Busted Crown","Centennial Puzzle","Sundial","Ancient Tea Set","Sling"],"gold":32,"campfire_rested":2,"campfire_upgraded":4,"purchased_purges":1,"potions_floor_spawned":[1,4,7,10,16,20,21],"potions_floor_usage":[5,16,18,20,24,24],"current_hp_per_floor":[55,55,55,51,51,51,33,33,33,33,33,33,33,33,33,29,53,48,48,25,19,19,37,5,5,5,23,23,0],"max_hp_per_floor":[66,61,61,61,61,61,61,61,61,61,61,61,61,61,61,61,61,61,61,61,61,61,61,61,61,61,61,61,61],"gold_per_floor":[113,113,113,136,159,159,199,199,199,219,237,17,17,17,17,110,110,124,85,105,120,120,120,158,181,181,181,32,32],"path_per_floor":["M","?","?","M","M","R","E","R","T","M","M","$","R","$","R","B",null,"M","$","M","M","?","R","E","M","T","R","$","M"],"path_taken":["M","?","?","?","M","R","E","R","T","M","M","$","R","$","R","BOSS","M","$","M","M","?","R","E","M","T","R","$","M"],"items_purchased":["Oddly Smooth Stone","Bouncing Flask","Sling"],"item_purchase_floors":[12,19,28],"items_purged":["Strike_G"],"items_purged_floors":[12],"character_chosen":"THE_SILENT","card_choices":[{"picked":"Noxious Fumes","not_picked":["Predator","Setup"],"floor":1},{"picked":"Dagger Throw","not_picked":["Infinite Blades","Underhanded Strike"],"floor":4},{"picked":"Dagger Spray","not_picked":["Caltrops","Calculated Gamble"],"floor":5},{"picked":"Poisoned Stab","not_picked":["Masterful Stab","Quick Slash"],"floor":7},{"picked":"Slice","not_picked":["Blade Dance","Dodge and Roll"],"floor":10},{"picked":"Backflip","not_picked":["Heel Hook","Bane"],"floor":11},{"picked":"Glass Knife","not_picked":["Night Terror","Bullet Time"],"floor":16},{"picked":"SKIP","not_picked":["Prepared"],"floor":18},{"picked":"SKIP","not_picked":["Outmaneuver"],"floor":20},{"picked":"SKIP","not_picked":["Slice"],"floor":21},{"picked":"Terror","not_picked":[],"floor":24},{"picked":"SKIP","not_picked":["Expertise"],"floor":25}],"event_choices":[{"event_name":"Golden Idol","player_choice":"Lose Max HP","floor":2,"cards_obtained":null,"cards_removed":null,"cards_transformed":null,"cards_upgraded":null,"relics_obtained":["Golden Idol"],"potions_obtained":null,"relics_lost":null,"damage_taken":0,"damage_healed":0,"max_hp_loss":5,"max_hp_gain":0,"gold_gain":0,"gold_loss":0},{"event_name":"Lab","player_choice":"Got Potions","floor":3,"cards_obtained":null,"cards_removed":null,"cards_transformed":null,"cards_upgraded":null,"relics_obtained":null,"potions_obtained":null,"relics_lost":null,"damage_taken":0,"damage_healed":0,"max_hp_loss":0,"max_hp_gain":0,"gold_gain":0,"gold_loss":0},{"event_name":"The Mausoleum","player_choice":"Opened","floor":22,"cards_obtained":null,"cards_removed":null,"cards_transformed":null,"cards_upgraded":null,"relics_obtained":["Centennial Puzzle"],"potions_obtained":null,"relics_lost":null,"damage_taken":0,"damage_healed":0,"max_hp_loss":0,"max_hp_gain":0,"gold_gain":0,"gold_loss":0}],"boss_relics":[{"picked":"Busted Crown","not_picked":["Sozu","SacredBark"]}],"damage_taken":[{"floor":1,"enemies":"2 Louse","damage":4,"turns":3},{"floor":4,"enemies":"Jaw Worm","damage":4,"turns":4},{"floor":5,"enemies":"Cultist","damage":0,"turns":3},{"floor":7,"enemies":"Gremlin Nob","damage":18,"turns":4},{"floor":10,"enemies":"Exordium Wildlife","damage":0,"turns":2},{"floor":11,"enemies":"3 Louse","damage":0,"turns":3},{"floor":16,"enemies":"The Guardian","damage":4,"turns":9},{"floor":18,"enemies":"Spheric Guardian","damage":5,"turns":4},{"floor":20,"enemies":"2 Thieves","damage":23,"turns":3},{"floor":21,"enemies":"Centurion and Healer","damage":6,"turns":5},{"floor":24,"enemies":"Gremlin Leader","damage":32,"turns":6},{"floor":25,"enemies":"Cultist and Chosen","damage":0,"turns":5},{"floor":29,"enemies":"Shelled Parasite and Fungi","damage":43,"turns":4}],"potions_obtained":[{"key":"Strength Potion","floor":1},{"key":"DistilledChaos","floor":3},{"key":"GhostInAJar","floor":7},{"key":"Poison Potion","floor":10},{"key":"PowerPotion","floor":16},{"key":"Energy Potion","floor":20},{"key":"Explosive Potion","floor":21}],"relics_obtained":[{"key":"Gremlin Horn","floor":7},{"key":"Bag of Marbles","floor":9},{"key":"Sundial","floor":24},{"key":"Ancient Tea Set","floor":26}],"campfire_choices":[{"floor":6,"key":"SMITH","data":"Noxious Fumes"},{"floor":8,"key":"SMITH","data":"Poisoned Stab"},{"floor":13,"key":"SMITH","data":"Dagger Spray"},{"floor":15,"key":"SMITH","data":"Neutralize"},{"floor":23,"key":"REST"},{"floor":27,"key":"REST"}],"circlet_count":0,"win_rate":0,"killed_by":"Shelled Parasite and Fungi"}