{"play_id":"406c8bb1-c00d-44ec-95d0-b003096c458f","build_version":"2020-01-27","seed_played":"2502842272023846775","chose_seed":false,"seed_source_timestamp":0,"is_daily":false,"special_seed":0,"is_trial":false,"is_endless":false,"is_ascension_mode":true,"ascension_level":14,"neow_bonus":"BOSS_RELIC","neow_cost":"NONE","is_beta":false,"is_prod":false,"victory":true,"floor_reached":47,"score":1203,"timestamp":1723679787,"local_time":"08/14/2024 23:56:27","playtime":2818,"player_experience":650975,"master_deck":["AscendersBane","Strike_G","Strike_G","Strike_G+1","Defend_G","Defend_G","Defend_G","Survivor","Neutralize","PiercingWail","Slice","Bouncing Flask+1","Dash+1","Acrobatics+1","Bullet Time+1","Riddle With Holes+1","Dagger Spray+1","Burst+1","Malaise+1","Poisoned Stab+1","Poisoned Stab+1","Dagger Spray+1","Leg Sweep","Choke+1","Die Die Die+1","Prepared+1","Writhe","Calculated Gamble+1","Reflex+1"],"relics":["Runic Pyramid","Anchor","Molten Egg 2","Vajra","Centennial Puzzle","Turnip","SacredBark","Membership Card","HornCleat","Smiling Mask","Potion Belt","Snecko Eye","Snake Skull","Bag of Marbles","Ginger","Mummified Hand","Toxic Egg 2"],"gold":219,"campfire_rested":2,"campfire_upgraded":5,"purchased_purges":3,"potions_floor_spawned":[2,6,12,13,23,28,29,35,39],"potions_floor_usage":[23,25,25,33,46,46,46,46],"current_hp_per_floor":[53,53,35,57,57,22,41,41,41,40,38,38,37,24,24,24,56,50,50,49,49,49,40,40,36,36,36,34,34,34,34,53,22,55,51,66,66,66,66,66,58,58,58,58,58,19],"max_hp_per_floor":[66,66,66,66,66,66,66,66,66,66,66,66,66,66,66,66,66,66,66,66,66,66,66,66,66,66,66,66,66,66,66,66,66,66,66,66,66,66,66,66,66,66,66,66,66,66],"gold_per_floor":[114,128,128,128,142,176,176,176,199,214,241,261,295,295,295,367,367,384,384,402,211,261,315,315,335,358,358,374,388,403,255,255,334,334,349,349,128,153,170,170,203,203,203,219,219,219],"path_per_floor":["M","M","?","?","M","E","R","?","T","M","E","M","E","?","R","B",null,"M","?","M","$","?","E","R","M","T","R","M","M","M","$","R","B",null,"M","?","$","?","M","R","E","R","T","M","?","B",null],"path_taken":["M","?","?","?","M","E","R","?","T","M","E","M","E","?","R","BOSS","M","?","?","$","?","E","R","?","T","R","M","M","?","$","R","BOSS","M","?","$","?","M","R","E","R","T","M","?","BOSS"],"items_purchased":["Membership Card","Potion Belt","Poison Potion","Snake Skull","Calculated Gamble","Bag of Marbles"],"item_purchase_floors":[21,31,31,37,37,37],"items_purged":["Strike_G","Defend_G","Strike_G"],"items_purged_floors":[21,31,37],"character_chosen":"THE_SILENT","card_choices":[{"picked":"PiercingWail","not_picked":["Acrobatics","Dagger Throw"],"floor":1},{"picked":"Slice","not_picked":["Underhanded Strike","Distraction"],"floor":2},{"picked":"Bouncing Flask","not_picked":["Backflip","Underhanded Strike"],"floor":5},{"picked":"Dash+1","not_picked":["Dagger Throw+1","Malaise"],"floor":6},{"picked":"Acrobatics","not_picked":["PiercingWail","Tactician"],"floor":10},{"picked":"Bullet Time","not_picked":["Flying Knee+1","Acrobatics"],"floor":11},{"picked":"Riddle With Holes+1","not_picked":["Quick Slash+1","Bane+1"],"floor":12},{"picked":"Dagger Spray+1","not_picked":["Dagger Throw+1","Tactician"],"floor":13},{"picked":"Burst","not_picked":["Night Terror","Envenom"],"floor":16},{"picked":"SKIP","not_picked":["Backflip","Blade Dance","Acrobatics+1"],"floor":18},{"picked":"Poisoned Stab+1","not_picked":["Outmaneuver","Sucker Punch+1"],"floor":20},{"picked":"Poisoned Stab+1","not_picked":["Blade Dance","Bane+1"],"floor":23},{"picked":"SKIP","not_picked":["Underhanded Strike+1","Acrobatics","Quick Slash+1"],"floor":25},{"picked":"Dagger Spray+1","not_picked":["Dagger Throw+1","Slice+1"],"floor":28},{"picked":"Leg Sweep","not_picked":["Deflect","Tactician"],"floor":29},{"picked":"Choke+1","not_picked":["Caltrops","Crippling Poison"],"floor":30},{"picked":"Die Die Die+1","not_picked":["A Thousand Cuts","Phantasmal Killer"],"floor":33},{"picked":"Prepared+1","not_picked":["Quick Slash+1","Bane+1"],"floor":35},{"picked":"SKIP","not_picked":["Deadly Poison","Deflect","Outmaneuver"],"floor":39},{"picked":"SKIP","not_picked":["Blur+1","Distraction","Underhanded Strike+1"],"floor":41},{"picked":"Reflex+1","not_picked":["Blur+1","Noxious Fumes"],"floor":44}],"event_choices":[{"event_name":"Scrap Ooze","player_choice":"Success","floor":3,"cards_obtained":null,"cards_removed":null,"cards_transformed":null,"cards_upgraded":null,"relics_obtained":["Anchor"],"potions_obtained":null,"relics_lost":null,"damage_taken":18,"damage_healed":0,"max_hp_loss":0,"max_hp_gain":0,"gold_gain":0,"gold_loss":0},{"event_name":"Big Fish","player_choice":"Banana","floor":4,"cards_obtained":null,"cards_removed":null,"cards_transformed":null,"cards_upgraded":null,"relics_obtained":null,"potions_obtained":null,"relics_lost":null,"damage_taken":0,"damage_healed":22,"max_hp_loss":0,"max_hp_gain":0,"gold_gain":0,"gold_loss":0},{"event_name":"Living Wall","player_choice":"Forget","floor":8,"cards_obtained":null,"cards_removed":["Defend_G"],"cards_transformed":null,"cards_upgraded":null,"relics_obtained":null,"potions_obtained":null,"relics_lost":null,"damage_taken":0,"damage_healed":0,"max_hp_loss":0,"max_hp_gain":0,"gold_gain":0,"gold_loss":0},{"event_name":"Shining Light","player_choice":"Entered Light","floor":14,"cards_obtained":null,"cards_removed":null,"cards_transformed":null,"cards_upgraded":["Strike_G","Acrobatics"],"relics_obtained":null,"potions_obtained":null,"relics_lost":null,"damage_taken":13,"damage_healed":0,"max_hp_loss":0,"max_hp_gain":0,"gold_gain":0,"gold_loss":0},{"event_name":"Match and Keep!","player_choice":"1 cards matched","floor":19,"cards_obtained":["Malaise"],"cards_removed":null,"cards_transformed":null,"cards_upgraded":null,"relics_obtained":null,"potions_obtained":null,"relics_lost":null,"damage_taken":0,"damage_healed":0,"max_hp_loss":0,"max_hp_gain":0,"gold_gain":0,"gold_loss":0},{"event_name":"The Joust","player_choice":"Bet on Murderer","floor":22,"cards_obtained":null,"cards_removed":null,"cards_transformed":null,"cards_upgraded":null,"relics_obtained":null,"potions_obtained":null,"relics_lost":null,"damage_taken":0,"damage_healed":0,"max_hp_loss":0,"max_hp_gain":0,"gold_gain":100,"gold_loss":50},{"event_name":"Winding Halls","player_choice":"Writhe","floor":36,"cards_obtained":["Writhe"],"cards_removed":null,"cards_transformed":null,"cards_upgraded":null,"relics_obtained":null,"potions_obtained":null,"relics_lost":null,"damage_taken":0,"damage_healed":17,"max_hp_loss":0,"max_hp_gain":0,"gold_gain":0,"gold_loss":0},{"event_name":"MindBloom","player_choice":"Fight","floor":38,"cards_obtained":null,"cards_removed":null,"cards_transformed":null,"cards_upgraded":null,"relics_obtained":null,"potions_obtained":null,"relics_lost":null,"damage_taken":0,"damage_healed":0,"max_hp_loss":0,"max_hp_gain":0,"gold_gain":0,"gold_loss":0},{"event_name":"SecretPortal","player_choice":"Took Portal","floor":45,"cards_obtained":null,"cards_removed":null,"cards_transformed":null,"cards_upgraded":null,"relics_obtained":null,"potions_obtained":null,"relics_lost":null,"damage_taken":0,"damage_healed":0,"max_hp_loss":0,"max_hp_gain":0,"gold_gain":0,"gold_loss":0}],"boss_relics":[{"picked":"SacredBark","not_picked":["Fusion Hammer","Runic Dome"]},{"picked":"Snecko Eye","not_picked":["WristBlade","SlaversCollar"]}],"damage_taken":[{"floor":1,"enemies":"Cultist","damage":6,"turns":4},{"floor":2,"enemies":"Small Slimes","damage":0,"turns":4},{"floor":5,"enemies":"2 Louse","damage":0,"turns":3},{"floor":6,"enemies":"Gremlin Nob","damage":35,"turns":5},{"floor":10,"enemies":"Large Slime","damage":1,"turns":4},{"floor":11,"enemies":"3 Sentries","damage":2,"turns":8},{"floor":12,"enemies":"Looter","damage":0,"turns":3},{"floor":13,"enemies":"Lagavulin","damage":1,"turns":5},{"floor":16,"enemies":"Slime Boss","damage":0,"turns":7},{"floor":18,"enemies":"2 Thieves","damage":6,"turns":4},{"floor":20,"enemies":"Spheric Guardian","damage":1,"turns":5},{"floor":23,"enemies":"Slavers","damage":9,"turns":4},{"floor":25,"enemies":"Snecko","damage":4,"turns":4},{"floor":28,"enemies":"Cultist and Chosen","damage":2,"turns":4},{"floor":29,"enemies":"Snake Plant","damage":0,"turns":3},{"floor":30,"enemies":"Chosen and Byrds","damage":0,"turns":4},{"floor":33,"enemies":"Champ","damage":31,"turns":10},{"floor":35,"enemies":"3 Shapes","damage":4,"turns":4},{"floor":38,"enemies":"Mind Bloom Boss Battle","damage":0,"turns":6},{"floor":39,"enemies":"Orb Walker","damage":0,"turns":3},{"floor":41,"enemies":"Reptomancer","damage":8,"turns":5},{"floor":44,"enemies":"Sphere and 2 Shapes","damage":0,"turns":3},{"floor":46,"enemies":"Donu and Deca","damage":39,"turns":7}],"potions_obtained":[{"key":"LiquidBronze","floor":2},{"key":"Ancient Potion","floor":6},{"key":"ColorlessPotion","floor":13},{"key":"CunningPotion","floor":23},{"key":"Weak Potion","floor":28},{"key":"LiquidBronze","floor":29},{"key":"Fire Potion","floor":35},{"key":"Strength Potion","floor":39}],"relics_obtained":[{"key":"Molten Egg 2","floor":6},{"key":"Vajra","floor":9},{"key":"Centennial Puzzle","floor":11},{"key":"Turnip","floor":13},{"key":"HornCleat","floor":23},{"key":"Smiling Mask","floor":26},{"key":"Ginger","floor":38},{"key":"Mummified Hand","floor":41},{"key":"Toxic Egg 2","floor":43}],"campfire_choices":[{"floor":7,"key":"REST"},{"floor":15,"key":"SMITH","data":"Bouncing Flask"},{"floor":24,"key":"SMITH","data":"Bullet Time"},{"floor":27,"key":"SMITH","data":"Malaise"},{"floor":32,"key":"REST"},{"floor":40,"key":"SMITH","data":"Burst"},{"floor":42,"key":"SMITH","data":"Calculated Gamble"}],"circlet_count":0,"win_rate":0,"killed_by":null}