{"play_id":"84185827-42d7-4849-98e7-7267b8e47063","build_version":"2020-01-27","seed_played":"-3550930684071305911","chose_seed":false,"seed_source_timestamp":64081044262,"is_daily":false,"special_seed":null,"is_trial":false,"is_endless":false,"is_ascension_mode":true,"ascension_level":9,"neow_bonus":"RANDOM_COMMON_RELIC","neow_cost":"NONE","is_beta":false,"is_prod":false,"victory":false,"floor_reached":12,"score":128,"timestamp":1699596760,"local_time":"11/10/2023 06:12:40","playtime":454,"player_experience":325540,"master_deck":["Strike_R","Strike_R","Strike_R","Strike_R","Defend_R","Defend_R","Defend_R","Defend_R","Bash+1","Cleave","Decay","Combust","Shrug It Off","Burning Pact"],"relics":["Burning Blood","Regal Pillow","Mercury Hourglass","Blood Vial","Torii"],"gold":142,"campfire_rested":1,"campfire_upgraded":1,"purchased_purges":0,"potions_floor_spawned":[7],"potions_floor_usage":[10],"current_hp_per_floor":[66,66,66,44,42,42,16,55,55,29,19,0],"max_hp_per_floor":[80,80,80,80,80,80,80,80,80,80,80,80],"gold_per_floor":[118,68,68,86,106,106,131,131,131,162,172,142],"path_per_floor":["M","?","?","M","M","R","E","R","T","E","M","M"],"path_taken":["M","?","?","?","?","R","E","R","T","E","M","M"],"items_purchased":[],"item_purchase_floors":[],"items_purged":[],"items_purged_floors":[],"character_chosen":"IRONCLAD","card_choices":[{"picked":"Cleave","not_picked":["Armaments","Intimidate"],"floor":1},{"picked":"Combust","not_picked":["Entrench","Havoc"],"floor":4},{"picked":"Shrug It Off","not_picked":["Clothesline","Cleave"],"floor":5},{"picked":"SKIP","not_picked":["Shrug It Off","Body Slam","Havoc"],"floor":7},{"picked":"Burning Pact","not_picked":["Sword Boomerang","Fire Breathing"],"floor":10},{"picked":"SKIP","not_picked":["Searing Blow","Iron Wave","Barricade"],"floor":11}],"event_choices":[{"event_name":"The Cleric","player_choice":"Card Removal","floor":2,"cards_obtained":null,"cards_removed":["Strike_R"],"cards_transformed":null,"cards_upgraded":null,"relics_obtained":null,"potions_obtained":null,"relics_lost":null,"damage_taken":0,"damage_healed":0,"max_hp_loss":0,"max_hp_gain":0,"gold_gain":0,"gold_loss":50},{"event_name":"Wheel of Change","player_choice":"Cursed","floor":3,"cards_obtained":["Decay"],"cards_removed":null,"cards_transformed":null,"cards_upgraded":null,"relics_obtained":null,"potions_obtained":null,"relics_lost":null,"damage_taken":0,"damage_healed":0,"max_hp_loss":0,"max_hp_gain":0,"gold_gain":0,"gold_loss":0}],"boss_relics":[],"damage_taken":[{"floor":1,"enemies":"Jaw Worm","damage":12,"turns":3},{"floor":4,"enemies":"Small Slimes","damage":28,"turns":4},{"floor":5,"enemies":"Cultist","damage":8,"turns":4},{"floor":7,"enemies":"3 Sentries","damage":32,"turns":6},{"floor":10,"enemies":"Gremlin Nob","damage":34,"turns":4},{"floor":11,"enemies":"Gremlin Gang","damage":18,"turns":4},{"floor":12,"enemies":"Exordium Thugs","damage":23,"turns":2}],"potions_obtained":[{"key":"Explosive Potion","floor":7}],"relics_obtained":[{"key":"Mercury Hourglass","floor":7},{"key":"Blood Vial","floor":9},{"key":"Torii","floor":10}],"campfire_choices":[{"floor":6,"key":"SMITH","data":"Bash"},{"floor":8,"key":"REST"}],"circlet_count":0,"win_rate":0,"killed_by":"Exordium Thugs"}