{"play_id":"135e82d1-5317-4bf0-b314-d76e8ed9f4ce","build_version":"2020-01-27","seed_played":"6502318275504196808","chose_seed":false,"seed_source_timestamp":357409098797,"is_daily":false,"special_seed":null,"is_trial":false,"is_endless":false,"is_ascension_mode":true,"ascension_level":9,"neow_bonus":"BOSS_RELIC","neow_cost":"NONE","is_beta":false,"is_prod":false,"victory":false,"floor_reached":16,"score":162,"timestamp":1699664136,"local_time":"11/11/2023 00:55:36","playtime":673,"player_experience":326891,"master_deck":["Strike_R","Strike_R","Strike_R","Defend_R+1","Defend_R","Defend_R","Defend_R","Bash","Clothesline","Blood for Blood","Berserk","Iron Wave","Fire Breathing","Sword Boomerang","Offering","Pommel Strike","Anger"],"relics":["Sozu","Shuriken","PreservedInsect","Toy Ornithopter","ClockworkSouvenir","Regal Pillow","Golden Idol"],"gold":93,"campfire_rested":0,"campfire_upgraded":1,"purchased_purges":1,"potions_floor_spawned":[5,8,13,14],"potions_floor_usage":[],"current_hp_per_floor":[70,70,67,67,65,45,45,24,24,24,22,22,16,4,4,0],"max_hp_per_floor":[80,80,80,80,80,80,80,80,80,80,80,74,74,74,74,74],"gold_per_floor":[118,118,118,118,131,166,184,195,244,26,56,56,72,93,93,93],"path_per_floor":["M","?","?","?","M","E","M","M","T","$","E","?","M","M","R","B"],"path_taken":["M","?","?","?","?","E","M","M","T","$","E","?","M","M","R","BOSS"],"items_purchased":["ClockworkSouvenir"],"item_purchase_floors":[10],"items_purged":["Strike_R"],"items_purged_floors":[10],"character_chosen":"IRONCLAD","card_choices":[{"picked":"Clothesline","not_picked":["Pummel","Twin Strike"],"floor":1},{"picked":"SKIP","not_picked":["Blood for Blood","True Grit","Inflame"],"floor":5},{"picked":"Iron Wave","not_picked":["Twin Strike","Seeing Red"],"floor":6},{"picked":"Fire Breathing","not_picked":["Sword Boomerang","Dark Embrace"],"floor":7},{"picked":"Sword Boomerang","not_picked":["Dark Embrace","Clothesline"],"floor":8},{"picked":"Offering","not_picked":["Barricade","Armaments"],"floor":11},{"picked":"Pommel Strike","not_picked":["Fire Breathing","Twin Strike"],"floor":13},{"picked":"Anger","not_picked":["Clash","Burning Pact"],"floor":14}],"event_choices":[{"event_name":"Living Wall","player_choice":"Change","floor":2,"cards_obtained":["Blood for Blood"],"cards_removed":null,"cards_transformed":["Strike_R"],"cards_upgraded":null,"relics_obtained":null,"potions_obtained":null,"relics_lost":null,"damage_taken":0,"damage_healed":0,"max_hp_loss":0,"max_hp_gain":0,"gold_gain":0,"gold_loss":0},{"event_name":"Scrap Ooze","player_choice":"Success","floor":3,"cards_obtained":null,"cards_removed":null,"cards_transformed":null,"cards_upgraded":null,"relics_obtained":["Shuriken"],"potions_obtained":null,"relics_lost":null,"damage_taken":3,"damage_healed":0,"max_hp_loss":0,"max_hp_gain":0,"gold_gain":0,"gold_loss":0},{"event_name":"Match and Keep!","player_choice":"1 cards matched","floor":4,"cards_obtained":["Berserk"],"cards_removed":null,"cards_transformed":null,"cards_upgraded":null,"relics_obtained":null,"potions_obtained":null,"relics_lost":null,"damage_taken":0,"damage_healed":0,"max_hp_loss":0,"max_hp_gain":0,"gold_gain":0,"gold_loss":0},{"event_name":"Golden Idol","player_choice":"Lose Max HP","floor":12,"cards_obtained":null,"cards_removed":null,"cards_transformed":null,"cards_upgraded":null,"relics_obtained":["Golden Idol"],"potions_obtained":null,"relics_lost":null,"damage_taken":0,"damage_healed":0,"max_hp_loss":6,"max_hp_gain":0,"gold_gain":0,"gold_loss":0}],"boss_relics":[],"damage_taken":[{"floor":1,"enemies":"Small Slimes","damage":2,"turns":3},{"floor":5,"enemies":"Jaw Worm","damage":2,"turns":3},{"floor":6,"enemies":"Lagavulin","damage":20,"turns":5},{"floor":7,"enemies":"2 Louse","damage":0,"turns":2},{"floor":8,"enemies":"Lots of Slimes","damage":21,"turns":4},{"floor":11,"enemies":"Gremlin Nob","damage":2,"turns":3},{"floor":13,"enemies":"Blue Slaver","damage":6,"turns":2},{"floor":14,"enemies":"3 Louse","damage":12,"turns":3},{"floor":16,"enemies":"The Guardian","damage":9,"turns":4}],"potions_obtained":[],"relics_obtained":[{"key":"PreservedInsect","floor":6},{"key":"Toy Ornithopter","floor":9},{"key":"Regal Pillow","floor":11}],"campfire_choices":[{"floor":15,"key":"SMITH","data":"Defend_R"}],"circlet_count":0,"win_rate":0,"killed_by":"The Guardian"}