{"play_id":"12611691-ca0d-4e16-a88b-9565de7ae669","build_version":"2020-01-27","seed_played":"2736029913631925103","chose_seed":false,"seed_source_timestamp":0,"is_daily":false,"special_seed":0,"is_trial":false,"is_endless":false,"is_ascension_mode":true,"ascension_level":9,"neow_bonus":"THREE_ENEMY_KILL","neow_cost":"NONE","is_beta":false,"is_prod":false,"victory":false,"floor_reached":22,"score":302,"timestamp":1699626797,"local_time":"11/10/2023 14:33:17","playtime":897,"player_experience":325994,"master_deck":["Strike_R","Strike_R","Defend_R","Defend_R","Defend_R","Defend_R","Bash","Searing Blow+3","Armaments","Disarm","Armaments","Perfected Strike+1","Metallicize","Perfected Strike+1","Offering","Double Tap","Armaments+1","Sword Boomerang+1","Disarm"],"relics":["Burning Blood","NeowsBlessing","Molten Egg 2","StrikeDummy","Meat on the Bone","MealTicket","Philosopher's Stone"],"gold":301,"campfire_rested":0,"campfire_upgraded":2,"purchased_purges":1,"potions_floor_spawned":[5,7,11,14],"potions_floor_usage":[],"current_hp_per_floor":[78,80,80,80,80,80,66,72,72,57,25,31,26,37,37,24,66,56,56,21,21,0],"max_hp_per_floor":[80,80,80,80,80,80,80,80,80,80,80,80,80,80,80,80,80,80,80,80,80,80],"gold_per_floor":[114,132,132,3,18,18,44,64,64,82,108,128,155,174,174,274,274,289,289,301,301,301],"path_per_floor":["M","M","?","$","M","R","E","M","T","M","E","M","E","M","R","B","ul","M","?","M","?","M"],"path_taken":["M","M","?","?","M","R","E","M","T","M","E","?","E","M","R","BOSS","M","?","M","?","M"],"items_purchased":["Armaments"],"item_purchase_floors":[4],"items_purged":["Strike_R"],"items_purged_floors":[4],"character_chosen":"IRONCLAD","card_choices":[{"picked":"Searing Blow","not_picked":["Perfected Strike","Twin Strike"],"floor":1},{"picked":"SKIP","not_picked":["Searing Blow","Dark Embrace","Twin Strike"],"floor":2},{"picked":"SKIP","not_picked":["Shrug It Off","Twin Strike","Rage"],"floor":5},{"picked":"Disarm","not_picked":["Whirlwind+1","Uppercut+1"],"floor":7},{"picked":"Armaments","not_picked":["Dual Wield","Rage"],"floor":8},{"picked":"Perfected Strike+1","not_picked":["Feel No Pain","Intimidate"],"floor":10},{"picked":"SKIP","not_picked":["Entrench","Clash+1","Sword Boomerang+1"],"floor":11},{"picked":"Metallicize","not_picked":["Clothesline+1","Sword Boomerang+1"],"floor":12},{"picked":"Perfected Strike+1","not_picked":["Flex","Anger+1"],"floor":13},{"picked":"Offering","not_picked":["Battle Trance","Anger+1"],"floor":14},{"picked":"Double Tap","not_picked":["Reaper+1","Exhume"],"floor":16},{"picked":"Armaments+1","not_picked":["Ghostly Armor","Perfected Strike+1"],"floor":18},{"picked":"SKIP","not_picked":["Seeing Red+1","Clothesline+1","Sentinel"],"floor":20}],"event_choices":[{"event_name":"Upgrade Shrine","player_choice":"Upgraded","floor":3,"cards_obtained":null,"cards_removed":null,"cards_transformed":null,"cards_upgraded":["Searing Blow"],"relics_obtained":null,"potions_obtained":null,"relics_lost":null,"damage_taken":0,"damage_healed":0,"max_hp_loss":0,"max_hp_gain":0,"gold_gain":0,"gold_loss":0},{"event_name":"Ghosts","player_choice":"Ignored","floor":19,"cards_obtained":null,"cards_removed":null,"cards_transformed":null,"cards_upgraded":null,"relics_obtained":null,"potions_obtained":null,"relics_lost":null,"damage_taken":0,"damage_healed":0,"max_hp_loss":0,"max_hp_gain":0,"gold_gain":0,"gold_loss":0},{"event_name":"Drug Dealer","player_choice":"Became Test Subject","floor":21,"cards_obtained":["Sword Boomerang","Disarm"],"cards_removed":null,"cards_transformed":["Strike_R","Strike_R"],"cards_upgraded":null,"relics_obtained":null,"potions_obtained":null,"relics_lost":null,"damage_taken":0,"damage_healed":0,"max_hp_loss":0,"max_hp_gain":0,"gold_gain":0,"gold_loss":0}],"boss_relics":[{"picked":"Philosopher's Stone","not_picked":["Runic Dome","Runic Pyramid"]}],"damage_taken":[{"floor":1,"enemies":"Jaw Worm","damage":0,"turns":1},{"floor":2,"enemies":"Cultist","damage":0,"turns":1},{"floor":5,"enemies":"Small Slimes","damage":0,"turns":1},{"floor":7,"enemies":"Gremlin Nob","damage":20,"turns":4},{"floor":8,"enemies":"Blue Slaver","damage":0,"turns":5},{"floor":10,"enemies":"Exordium Thugs","damage":21,"turns":7},{"floor":11,"enemies":"Lagavulin","damage":38,"turns":8},{"floor":12,"enemies":"2 Fungi Beasts","damage":12,"turns":5},{"floor":13,"enemies":"3 Sentries","damage":23,"turns":10},{"floor":14,"enemies":"Exordium Wildlife","damage":7,"turns":4},{"floor":16,"enemies":"Slime Boss","damage":31,"turns":8},{"floor":18,"enemies":"Chosen","damage":16,"turns":3},{"floor":20,"enemies":"3 Byrds","damage":53,"turns":6},{"floor":22,"enemies":"Centurion and Healer","damage":27,"turns":2}],"potions_obtained":[{"key":"SkillPotion","floor":5},{"key":"EssenceOfSteel","floor":7},{"key":"ColorlessPotion","floor":11},{"key":"DistilledChaos","floor":14}],"relics_obtained":[{"key":"Molten Egg 2","floor":7},{"key":"StrikeDummy","floor":9},{"key":"Meat on the Bone","floor":11},{"key":"MealTicket","floor":13}],"campfire_choices":[{"floor":6,"key":"SMITH","data":"Searing Blow+1"},{"floor":15,"key":"SMITH","data":"Searing Blow+2"}],"circlet_count":0,"win_rate":0,"killed_by":"Centurion and Healer"}