{"play_id":"22b0d42a-5bb5-4eb1-9c35-2cf58c16e7b9","build_version":"2020-01-27","seed_played":"6641729472581474876","chose_seed":false,"seed_source_timestamp":2219354118362,"is_daily":false,"special_seed":null,"is_trial":false,"is_endless":false,"is_ascension_mode":true,"ascension_level":8,"neow_bonus":"THREE_ENEMY_KILL","neow_cost":"NONE","is_beta":false,"is_prod":false,"victory":true,"floor_reached":51,"score":1051,"timestamp":1699059423,"local_time":"11/04/2023 00:57:03","playtime":2977,"player_experience":291293,"master_deck":["Strike_R+1","Defend_R+1","Defend_R+1","Bash","Carnage","Blood for Blood+1","Clothesline+1","Hemokinesis+1","Shrug It Off+1","Rupture+1","Sword Boomerang+1","Reckless Charge","Bludgeon","Hemokinesis+1","Blood for Blood","Flex","Barricade","Berserk+1","Rage","Flame Barrier+1","Pummel","Entrench+1"],"relics":["Burning Blood","NeowsBlessing","Self Forming Clay","Lizard Tail","TungstenRod","Bottled Flame","Bottled Lightning","Empty Cage","MealTicket","Art of War","Pear","Old Coin","Bottled Tornado","Red Skull","Snecko Eye","Bronze Scales","Peace Pipe","Bag of Preparation","Question Card","CaptainsWheel"],"gold":117,"campfire_rested":2,"campfire_upgraded":5,"purchased_purges":2,"potions_floor_spawned":[1,8,12,14,16,18,24,33,38,41,47],"potions_floor_usage":[6,11,16,16,22,23,28,33,33,36,40,42,48],"current_hp_per_floor":[78,53,37,43,49,31,80,76,76,76,65,63,63,38,38,25,66,49,49,49,64,67,42,31,31,41,41,16,11,26,19,46,19,72,58,44,59,44,44,50,39,34,34,34,37,52,56,52,79,51],"max_hp_per_floor":[80,80,80,80,80,80,80,80,80,80,80,80,80,80,80,80,80,80,80,80,80,80,80,80,80,90,90,90,90,90,90,90,90,90,90,90,90,90,90,90,90,90,90,90,90,90,90,90,90,90],"gold_per_floor":[112,112,112,122,135,161,161,176,176,19,47,58,58,91,91,188,188,204,204,204,31,46,72,85,85,164,164,496,496,28,46,46,141,141,157,174,31,81,41,70,83,113,113,113,125,90,104,117,117,117],"path_per_floor":["M","?","?","M","M","E","?","M","T","$","E","M","R","E","R","B",null,"M","T","?","$","M","E","M","R","T","R","E","?","$","M","R","B",null,"M","M","$","?","?","E","M","E","T","R","M","$","M","M","R","B",null],"path_taken":["M","?","?","M","M","E","?","?","T","$","E","M","R","E","R","BOSS","M","?","?","$","?","E","M","R","T","R","E","?","$","M","R","BOSS","M","?","$","?","?","E","M","E","T","R","M","$","?","M","R","BOSS"],"items_purchased":["Hemokinesis","DuplicationPotion","Bottled Tornado","Red Skull","Weak Potion","Bronze Scales","Pummel"],"item_purchase_floors":[10,21,30,30,30,37,46],"items_purged":["Strike_R","Defend_R"],"items_purged_floors":[10,21],"character_chosen":"IRONCLAD","card_choices":[{"picked":"Shockwave","not_picked":["Reckless Charge","Dark Embrace"],"floor":1},{"picked":"Carnage","not_picked":["Battle Trance","Dark Embrace"],"floor":4},{"picked":"Blood for Blood","not_picked":["Perfected Strike","True Grit"],"floor":5},{"picked":"Clothesline","not_picked":["Armaments","Headbutt"],"floor":6},{"picked":"SKIP","not_picked":["Headbutt","Warcry","Feel No Pain"],"floor":8},{"picked":"SKIP","not_picked":["Rage","Twin Strike","Power Through"],"floor":11},{"picked":"Shrug It Off","not_picked":["Infernal Blade","Clash"],"floor":12},{"picked":"Rupture","not_picked":["Whirlwind","Sword Boomerang"],"floor":14},{"picked":"Sword Boomerang+1","not_picked":["Pommel Strike","Cleave+1"],"floor":18},{"picked":"Hemokinesis+1","not_picked":["Pommel Strike+1","Warcry"],"floor":22},{"picked":"SKIP","not_picked":["Uppercut","Cleave","Searing Blow+1"],"floor":23},{"picked":"Blood for Blood","not_picked":["Uppercut+1","Pommel Strike+1"],"floor":24},{"picked":"Flex","not_picked":["Clash","Thunderclap"],"floor":28},{"picked":"Barricade","not_picked":["Armaments","Reckless Charge+1"],"floor":31},{"picked":"Berserk","not_picked":["Corruption","Barricade"],"floor":33},{"picked":"Rage","not_picked":["Twin Strike+1","Rampage"],"floor":35},{"picked":"SKIP","not_picked":["Thunderclap","Bloodletting+1","Pommel Strike"],"floor":36},{"picked":"SKIP","not_picked":["Sword Boomerang","Pommel Strike","Battle Trance"],"floor":40},{"picked":"Flame Barrier+1","not_picked":["Dark Embrace+1","Barricade"],"floor":41},{"picked":"SKIP","not_picked":["Bloodletting+1","Intimidate","Uppercut+1"],"floor":42},{"picked":"SKIP","not_picked":["Shrug It Off","Seeing Red+1","Ghostly Armor","Rage+1"],"floor":45},{"picked":"Entrench+1","not_picked":["Shockwave","Seeing Red","Sword Boomerang"],"floor":47},{"picked":"SKIP","not_picked":["Thunderclap+1","Twin Strike+1","Reckless Charge","Armaments"],"floor":48}],"event_choices":[{"event_name":"Scrap Ooze","player_choice":"Success","floor":2,"cards_obtained":null,"cards_removed":null,"cards_transformed":null,"cards_upgraded":null,"relics_obtained":["Self Forming Clay"],"potions_obtained":null,"relics_lost":null,"damage_taken":25,"damage_healed":0,"max_hp_loss":0,"max_hp_gain":0,"gold_gain":0,"gold_loss":0},{"event_name":"Shining Light","player_choice":"Entered Light","floor":3,"cards_obtained":null,"cards_removed":null,"cards_transformed":null,"cards_upgraded":["Strike_R","Defend_R"],"relics_obtained":null,"potions_obtained":null,"relics_lost":null,"damage_taken":16,"damage_healed":0,"max_hp_loss":0,"max_hp_gain":0,"gold_gain":0,"gold_loss":0},{"event_name":"Bonfire Elementals","player_choice":"Offered Uncommon","floor":7,"cards_obtained":null,"cards_removed":["Shockwave"],"cards_transformed":null,"cards_upgraded":null,"relics_obtained":null,"potions_obtained":null,"relics_lost":null,"damage_taken":0,"damage_healed":49,"max_hp_loss":0,"max_hp_gain":0,"gold_gain":0,"gold_loss":0},{"event_name":"Drug Dealer","player_choice":"Became Test Subject","floor":20,"cards_obtained":["Reckless Charge","Bludgeon"],"cards_removed":null,"cards_transformed":["Defend_R","Strike_R"],"cards_upgraded":null,"relics_obtained":null,"potions_obtained":null,"relics_lost":null,"damage_taken":0,"damage_healed":0,"max_hp_loss":0,"max_hp_gain":0,"gold_gain":0,"gold_loss":0},{"event_name":"Knowing Skull","player_choice":"","floor":29,"cards_obtained":[],"cards_removed":null,"cards_transformed":null,"cards_upgraded":null,"relics_obtained":null,"potions_obtained":[],"relics_lost":null,"damage_taken":6,"damage_healed":0,"max_hp_loss":0,"max_hp_gain":0,"gold_gain":0,"gold_loss":0},{"event_name":"MindBloom","player_choice":"Fight","floor":38,"cards_obtained":null,"cards_removed":null,"cards_transformed":null,"cards_upgraded":null,"relics_obtained":null,"potions_obtained":null,"relics_lost":null,"damage_taken":0,"damage_healed":0,"max_hp_loss":0,"max_hp_gain":0,"gold_gain":0,"gold_loss":0},{"event_name":"Designer","player_choice":"Upgraded Two","floor":39,"cards_obtained":null,"cards_removed":null,"cards_transformed":null,"cards_upgraded":["Defend_R","Clothesline"],"relics_obtained":null,"potions_obtained":null,"relics_lost":null,"damage_taken":0,"damage_healed":0,"max_hp_loss":0,"max_hp_gain":0,"gold_gain":0,"gold_loss":40}],"boss_relics":[{"picked":"Empty Cage","not_picked":["Runic Dome","Coffee Dripper"]},{"picked":"Snecko Eye","not_picked":["Runic Cube","SlaversCollar"]}],"damage_taken":[{"floor":1,"enemies":"Jaw Worm","damage":0,"turns":1},{"floor":4,"enemies":"Small Slimes","damage":0,"turns":1},{"floor":5,"enemies":"Cultist","damage":0,"turns":1},{"floor":6,"enemies":"Lagavulin","damage":24,"turns":6},{"floor":8,"enemies":"Red Slaver","damage":10,"turns":3},{"floor":11,"enemies":"Gremlin Nob","damage":17,"turns":3},{"floor":12,"enemies":"3 Louse","damage":8,"turns":3},{"floor":14,"enemies":"Lagavulin","damage":31,"turns":6},{"floor":16,"enemies":"Slime Boss","damage":34,"turns":9},{"floor":18,"enemies":"2 Thieves","damage":23,"turns":4},{"floor":22,"enemies":"3 Byrds","damage":3,"turns":5},{"floor":23,"enemies":"Gremlin Leader","damage":31,"turns":7},{"floor":24,"enemies":"Centurion and Healer","damage":17,"turns":5},{"floor":28,"enemies":"Book of Stabbing","damage":31,"turns":4},{"floor":31,"enemies":"Cultist and Chosen","damage":13,"turns":5},{"floor":33,"enemies":"Champ","damage":33,"turns":9},{"floor":35,"enemies":"3 Shapes","damage":20,"turns":4},{"floor":36,"enemies":"3 Darklings","damage":20,"turns":5},{"floor":38,"enemies":"Mind Bloom Boss Battle","damage":21,"turns":5},{"floor":40,"enemies":"Giant Head","damage":56,"turns":7},{"floor":41,"enemies":"Spire Growth","damage":17,"turns":3},{"floor":42,"enemies":"Reptomancer","damage":11,"turns":4},{"floor":45,"enemies":"Transient","damage":3,"turns":5},{"floor":47,"enemies":"Sphere and 2 Shapes","damage":2,"turns":4},{"floor":48,"enemies":"Maw","damage":10,"turns":6},{"floor":50,"enemies":"Time Eater","damage":34,"turns":10}],"potions_obtained":[{"key":"SteroidPotion","floor":1},{"key":"ColorlessPotion","floor":8},{"key":"Regen Potion","floor":12},{"key":"ColorlessPotion","floor":14},{"key":"Strength Potion","floor":16},{"key":"DuplicationPotion","floor":18},{"key":"PowerPotion","floor":24},{"key":"Explosive Potion","floor":33},{"key":"PowerPotion","floor":38},{"key":"PowerPotion","floor":41},{"key":"AttackPotion","floor":47}],"relics_obtained":[{"key":"Lizard Tail","floor":6},{"key":"TungstenRod","floor":9},{"key":"Bottled Flame","floor":11},{"key":"Bottled Lightning","floor":14},{"key":"MealTicket","floor":19},{"key":"Art of War","floor":23},{"key":"Pear","floor":26},{"key":"Old Coin","floor":28},{"key":"Peace Pipe","floor":38},{"key":"Bag of Preparation","floor":40},{"key":"Question Card","floor":42},{"key":"CaptainsWheel","floor":43}],"campfire_choices":[{"floor":13,"key":"SMITH","data":"Hemokinesis"},{"floor":15,"key":"SMITH","data":"Rupture"},{"floor":25,"key":"SMITH","data":"Shrug It Off"},{"floor":27,"key":"SMITH","data":"Blood for Blood"},{"floor":32,"key":"REST"},{"floor":44,"key":"SMITH","data":"Berserk"},{"floor":49,"key":"REST"}],"circlet_count":0,"win_rate":0,"killed_by":null}