{"play_id":"ec5d1609-729f-40ad-b9ee-ab0f70779a6b","build_version":"2020-01-27","seed_played":"7327815801078947180","chose_seed":false,"seed_source_timestamp":432651126643,"is_daily":false,"special_seed":null,"is_trial":false,"is_endless":false,"is_ascension_mode":true,"ascension_level":9,"neow_bonus":"BOSS_RELIC","neow_cost":"NONE","is_beta":false,"is_prod":false,"victory":false,"floor_reached":27,"score":399,"timestamp":1699677128,"local_time":"11/11/2023 04:32:08","playtime":1550,"player_experience":329536,"master_deck":["Strike_R","Strike_R","Strike_R","Defend_R","Defend_R","Defend_R","Defend_R","Bash+1","Headbutt","Rampage+1","True Grit+1","Shrug It Off","Shockwave+1","Barricade+1","Shrug It Off","Headbutt","Demon Form"],"relics":["Coffee Dripper","Matryoshka","Sundial","Vajra","Blue Candle","Orichalcum","Oddly Smooth Stone","Nunchaku","Empty Cage","Bronze Scales","Happy Flower"],"gold":318,"campfire_rested":0,"campfire_upgraded":5,"purchased_purges":0,"potions_floor_spawned":[1,7,12,13,18,21,22],"potions_floor_usage":[12,13,13,16,21,25],"current_hp_per_floor":[60,60,53,53,46,46,24,24,24,24,24,24,14,14,14,14,64,56,42,42,29,17,17,9,3,3,0],"max_hp_per_floor":[80,80,80,80,80,80,80,80,80,80,80,80,80,80,80,80,80,80,80,80,85,85,85,85,85,85,85],"gold_per_floor":[118,46,46,60,74,74,103,103,103,103,103,117,143,166,166,261,261,271,236,236,246,266,266,282,292,318,318],"path_per_floor":["M","$","?","M","M","R","E","R","T","R","?","M","E","T","R","B",null,"M","M","?","M","M","R","M","M","T","M"],"path_taken":["M","$","?","M","M","R","E","R","T","R","?","M","E","?","R","BOSS","M","M","?","M","?","R","M","M","T","M"],"items_purchased":["Rampage"],"item_purchase_floors":[2],"items_purged":[],"items_purged_floors":[],"character_chosen":"IRONCLAD","card_choices":[{"picked":"Headbutt","not_picked":["Armaments","Flex"],"floor":1},{"picked":"SKIP","not_picked":["Rampage","Clash","Anger"],"floor":4},{"picked":"True Grit","not_picked":["Sword Boomerang","Second Wind"],"floor":5},{"picked":"Shrug It Off","not_picked":["Bloodletting","Twin Strike"],"floor":7},{"picked":"SKIP","not_picked":["Havoc","Offering","Clash"],"floor":12},{"picked":"Shockwave","not_picked":["Clothesline","Dropkick"],"floor":13},{"picked":"Barricade","not_picked":["Offering","Berserk"],"floor":16},{"picked":"SKIP","not_picked":["Warcry","Armaments","Feel No Pain"],"floor":18},{"picked":"Shrug It Off","not_picked":["Thunderclap","Perfected Strike"],"floor":19},{"picked":"Headbutt","not_picked":["Sentinel","Anger"],"floor":21},{"picked":"SKIP","not_picked":["Flex","Offering","Cleave"],"floor":22},{"picked":"SKIP","not_picked":["Headbutt","Armaments","Uppercut+1"],"floor":24},{"picked":"Demon Form","not_picked":["Body Slam","Rupture+1"],"floor":25}],"event_choices":[{"event_name":"Scrap Ooze","player_choice":"Success","floor":3,"cards_obtained":null,"cards_removed":null,"cards_transformed":null,"cards_upgraded":null,"relics_obtained":["Matryoshka"],"potions_obtained":null,"relics_lost":null,"damage_taken":7,"damage_healed":0,"max_hp_loss":0,"max_hp_gain":0,"gold_gain":0,"gold_loss":0},{"event_name":"Liars Game","player_choice":"Ignored","floor":11,"cards_obtained":null,"cards_removed":null,"cards_transformed":null,"cards_upgraded":null,"relics_obtained":null,"potions_obtained":null,"relics_lost":null,"damage_taken":0,"damage_healed":0,"max_hp_loss":0,"max_hp_gain":0,"gold_gain":0,"gold_loss":0},{"event_name":"Wheel of Change","player_choice":"Relic","floor":20,"cards_obtained":null,"cards_removed":null,"cards_transformed":null,"cards_upgraded":null,"relics_obtained":null,"potions_obtained":null,"relics_lost":null,"damage_taken":0,"damage_healed":0,"max_hp_loss":0,"max_hp_gain":0,"gold_gain":0,"gold_loss":0}],"boss_relics":[{"picked":"Empty Cage","not_picked":["Sozu","Busted Crown"]}],"damage_taken":[{"floor":1,"enemies":"Jaw Worm","damage":12,"turns":2},{"floor":4,"enemies":"Cultist","damage":0,"turns":2},{"floor":5,"enemies":"Small Slimes","damage":7,"turns":3},{"floor":7,"enemies":"3 Sentries","damage":22,"turns":9},{"floor":12,"enemies":"Blue Slaver","damage":0,"turns":4},{"floor":13,"enemies":"Lagavulin","damage":10,"turns":7},{"floor":16,"enemies":"Hexaghost","damage":0,"turns":6},{"floor":18,"enemies":"3 Byrds","damage":8,"turns":5},{"floor":19,"enemies":"2 Thieves","damage":14,"turns":5},{"floor":21,"enemies":"Snecko","damage":18,"turns":6},{"floor":22,"enemies":"Snake Plant","damage":12,"turns":3},{"floor":24,"enemies":"Centurion and Healer","damage":8,"turns":6},{"floor":25,"enemies":"Sentry and Sphere","damage":6,"turns":5},{"floor":27,"enemies":"Snake Plant","damage":4,"turns":3}],"potions_obtained":[{"key":"Dexterity Potion","floor":1},{"key":"EssenceOfSteel","floor":7},{"key":"PowerPotion","floor":12},{"key":"CultistPotion","floor":13},{"key":"ElixirPotion","floor":18},{"key":"Fruit Juice","floor":21},{"key":"Weak Potion","floor":22}],"relics_obtained":[{"key":"Sundial","floor":7},{"key":"Vajra","floor":9},{"key":"Blue Candle","floor":9},{"key":"Orichalcum","floor":13},{"key":"Oddly Smooth Stone","floor":14},{"key":"Nunchaku","floor":14},{"key":"Bronze Scales","floor":20},{"key":"Happy Flower","floor":26}],"campfire_choices":[{"floor":6,"key":"SMITH","data":"True Grit"},{"floor":8,"key":"SMITH","data":"Rampage"},{"floor":10,"key":"SMITH","data":"Bash"},{"floor":15,"key":"SMITH","data":"Shockwave"},{"floor":23,"key":"SMITH","data":"Barricade"}],"circlet_count":0,"win_rate":0,"killed_by":"Snake Plant"}