{"play_id":"aa4383de-2ca2-463a-bd90-c4bd43768461","build_version":"2020-01-27","seed_played":"1611655807952311843","chose_seed":false,"seed_source_timestamp":0,"is_daily":false,"special_seed":0,"is_trial":false,"is_endless":false,"is_ascension_mode":true,"ascension_level":9,"neow_bonus":"TEN_PERCENT_HP_BONUS","neow_cost":"NONE","is_beta":false,"is_prod":false,"victory":true,"floor_reached":51,"score":1097,"timestamp":1699754978,"local_time":"11/12/2023 02:09:38","playtime":2631,"player_experience":331086,"master_deck":["Defend_R","Defend_R","Defend_R","Bash+1","Reckless Charge","Anger+1","Battle Trance+1","Uppercut+1","Shrug It Off","Offering+1","Dropkick","Reaper+1","Ghostly Armor","Dropkick+1","Berserk+1","Rage+1"],"relics":["Burning Blood","Bottled Flame","Potion Belt","Happy Flower","SacredBark","Anchor","Thread and Needle","Shuriken","Art of War","Busted Crown","Bottled Tornado","Meat on the Bone","White Beast Statue","Lee's Waffle","Bottled Lightning"],"gold":27,"campfire_rested":0,"campfire_upgraded":8,"purchased_purges":2,"potions_floor_spawned":[4,22,23,25,28,30,33,42,48],"potions_floor_usage":[23,25,25,33,37,39,40,40,50],"current_hp_per_floor":[84,84,84,88,88,64,64,40,40,33,33,39,39,45,45,36,75,72,63,63,63,62,27,27,19,19,29,44,43,58,58,58,42,77,88,88,98,98,75,44,44,11,11,11,105,105,105,105,105,39],"max_hp_per_floor":[88,88,88,88,88,88,88,88,88,88,88,88,88,88,88,88,88,88,88,88,88,88,88,88,88,88,88,88,88,88,88,88,88,88,88,88,98,98,98,98,98,98,98,98,105,105,105,105,105,105],"gold_per_floor":[117,117,1,16,16,42,42,67,67,67,17,36,36,56,56,154,154,165,180,2,2,22,52,52,79,79,94,109,128,147,147,147,246,246,266,92,72,88,99,129,129,161,161,161,8,8,8,27,27,27],"path_per_floor":["M","?","$","M","$","E","R","E","T","?","?","M","R","M","R","B",null,"M","M","$","?","M","E","R","E","T","M","M","M","M","T","R","B",null,"M","$","?","M","M","E","R","E","T","R","$","$","T","M","R","B",null],"path_taken":["M","?","$","?","?","E","R","E","T","?","?","M","R","M","R","BOSS","M","M","$","?","M","E","R","E","T","?","?","M","M","?","R","BOSS","M","?","?","?","M","E","R","E","T","R","?","$","?","M","R","BOSS"],"items_purchased":["Anger","Battle Trance","ColorlessPotion","ColorlessPotion","LiquidMemories","Lee's Waffle"],"item_purchase_floors":[3,3,20,20,36,45],"items_purged":["Strike_R","Strike_R"],"items_purged_floors":[20,36],"character_chosen":"IRONCLAD","card_choices":[{"picked":"Reckless Charge","not_picked":["Iron Wave","Sever Soul"],"floor":1},{"picked":"SKIP","not_picked":["Clothesline","Anger","Sword Boomerang"],"floor":4},{"picked":"Uppercut","not_picked":["Cleave","Burning Pact"],"floor":6},{"picked":"SKIP","not_picked":["Havoc","Perfected Strike","Body Slam"],"floor":8},{"picked":"SKIP","not_picked":["Thunderclap","Clothesline","Perfected Strike"],"floor":12},{"picked":"Shrug It Off","not_picked":["Dark Embrace","Iron Wave"],"floor":14},{"picked":"Offering","not_picked":["Feed","Corruption"],"floor":16},{"picked":"SKIP","not_picked":["Burning Pact","Dark Embrace+1","Pommel Strike"],"floor":18},{"picked":"Dropkick","not_picked":["Shrug It Off","Clash+1"],"floor":19},{"picked":"SKIP","not_picked":["True Grit","Cleave","Pummel"],"floor":22},{"picked":"Ghostly Armor","not_picked":["Shrug It Off","Sword Boomerang"],"floor":23},{"picked":"Dropkick","not_picked":["Iron Wave","Disarm"],"floor":25},{"picked":"SKIP","not_picked":["Pommel Strike","Dual Wield+1","Body Slam"],"floor":27},{"picked":"SKIP","not_picked":["Searing Blow","Flex","Juggernaut"],"floor":28},{"picked":"SKIP","not_picked":["Combust","Thunderclap+1","Pommel Strike"],"floor":29},{"picked":"SKIP","not_picked":["Pommel Strike","Searing Blow","Sword Boomerang"],"floor":30},{"picked":"Berserk","not_picked":["Barricade","Juggernaut"],"floor":33},{"picked":"SKIP","not_picked":["Thunderclap+1"],"floor":35},{"picked":"SKIP","not_picked":["Cleave+1"],"floor":38},{"picked":"SKIP","not_picked":["Havoc"],"floor":39},{"picked":"SKIP","not_picked":["Sword Boomerang"],"floor":40},{"picked":"Rage+1","not_picked":[],"floor":42},{"picked":"SKIP","not_picked":["Havoc"],"floor":48}],"event_choices":[{"event_name":"Bonfire Elementals","player_choice":"Offered Basic","floor":2,"cards_obtained":null,"cards_removed":["Strike_R"],"cards_transformed":null,"cards_upgraded":null,"relics_obtained":null,"potions_obtained":null,"relics_lost":null,"damage_taken":0,"damage_healed":0,"max_hp_loss":0,"max_hp_gain":0,"gold_gain":0,"gold_loss":0},{"event_name":"Golden Wing","player_choice":"Card Removal","floor":10,"cards_obtained":null,"cards_removed":["Strike_R"],"cards_transformed":null,"cards_upgraded":null,"relics_obtained":null,"potions_obtained":null,"relics_lost":null,"damage_taken":7,"damage_healed":0,"max_hp_loss":0,"max_hp_gain":0,"gold_gain":0,"gold_loss":0},{"event_name":"The Cleric","player_choice":"Card Removal","floor":11,"cards_obtained":null,"cards_removed":["Strike_R"],"cards_transformed":null,"cards_upgraded":null,"relics_obtained":null,"potions_obtained":null,"relics_lost":null,"damage_taken":0,"damage_healed":0,"max_hp_loss":0,"max_hp_gain":0,"gold_gain":0,"gold_loss":50},{"event_name":"Transmorgrifier","player_choice":"Transformed","floor":21,"cards_obtained":["Reaper"],"cards_removed":null,"cards_transformed":["Defend_R"],"cards_upgraded":null,"relics_obtained":null,"potions_obtained":null,"relics_lost":null,"damage_taken":0,"damage_healed":0,"max_hp_loss":0,"max_hp_gain":0,"gold_gain":0,"gold_loss":0},{"event_name":"The Woman in Blue","player_choice":"Bought 1 Potion","floor":37,"cards_obtained":null,"cards_removed":null,"cards_transformed":null,"cards_upgraded":null,"relics_obtained":null,"potions_obtained":null,"relics_lost":null,"damage_taken":0,"damage_healed":0,"max_hp_loss":0,"max_hp_gain":0,"gold_gain":0,"gold_loss":0}],"boss_relics":[{"picked":"SacredBark","not_picked":["Fusion Hammer","Black Star"]},{"picked":"Busted Crown","not_picked":["Tiny House","Empty Cage"]}],"damage_taken":[{"floor":1,"enemies":"Jaw Worm","damage":2,"turns":3},{"floor":4,"enemies":"Cultist","damage":0,"turns":3},{"floor":6,"enemies":"Lagavulin","damage":30,"turns":7},{"floor":8,"enemies":"3 Sentries","damage":30,"turns":6},{"floor":12,"enemies":"Small Slimes","damage":0,"turns":2},{"floor":14,"enemies":"Looter","damage":0,"turns":2},{"floor":16,"enemies":"Slime Boss","damage":15,"turns":7},{"floor":18,"enemies":"Chosen","damage":9,"turns":3},{"floor":19,"enemies":"2 Thieves","damage":15,"turns":4},{"floor":22,"enemies":"Centurion and Healer","damage":17,"turns":5},{"floor":23,"enemies":"Book of Stabbing","damage":47,"turns":5},{"floor":25,"enemies":"Slavers","damage":20,"turns":7},{"floor":27,"enemies":"3 Cultists","damage":13,"turns":4},{"floor":28,"enemies":"Cultist and Chosen","damage":6,"turns":3},{"floor":29,"enemies":"Centurion and Healer","damage":7,"turns":3},{"floor":30,"enemies":"Shelled Parasite and Fungi","damage":6,"turns":4},{"floor":33,"enemies":"Champ","damage":34,"turns":7},{"floor":35,"enemies":"Orb Walker","damage":0,"turns":3},{"floor":38,"enemies":"3 Shapes","damage":6,"turns":3},{"floor":39,"enemies":"Maw","damage":29,"turns":4},{"floor":40,"enemies":"Nemesis","damage":77,"turns":7},{"floor":42,"enemies":"Reptomancer","damage":51,"turns":6},{"floor":48,"enemies":"Writhing Mass","damage":6,"turns":5},{"floor":50,"enemies":"Time Eater","damage":93,"turns":12}],"potions_obtained":[{"key":"Swift Potion","floor":4},{"key":"Fire Potion","floor":22},{"key":"Block Potion","floor":23},{"key":"EssenceOfSteel","floor":25},{"key":"FairyPotion","floor":28},{"key":"SpeedPotion","floor":30},{"key":"Fruit Juice","floor":33},{"key":"BloodPotion","floor":37},{"key":"Block Potion","floor":42},{"key":"Block Potion","floor":48}],"relics_obtained":[{"key":"Bottled Flame","floor":6},{"key":"Potion Belt","floor":8},{"key":"Happy Flower","floor":9},{"key":"Anchor","floor":23},{"key":"Thread and Needle","floor":25},{"key":"Shuriken","floor":26},{"key":"Art of War","floor":31},{"key":"Bottled Tornado","floor":40},{"key":"Meat on the Bone","floor":42},{"key":"White Beast Statue","floor":43},{"key":"Bottled Lightning","floor":47}],"campfire_choices":[{"floor":7,"key":"SMITH","data":"Uppercut"},{"floor":13,"key":"SMITH","data":"Anger"},{"floor":15,"key":"SMITH","data":"Bash"},{"floor":24,"key":"SMITH","data":"Reaper"},{"floor":32,"key":"SMITH","data":"Offering"},{"floor":41,"key":"SMITH","data":"Berserk"},{"floor":44,"key":"SMITH","data":"Battle Trance"},{"floor":49,"key":"SMITH","data":"Dropkick"}],"circlet_count":0,"win_rate":0,"killed_by":null}