{"play_id":"de98c54a-fc72-4a15-9fe9-a791b3eb85e5","build_version":"2020-01-27","seed_played":"-4476017182148373418","chose_seed":false,"seed_source_timestamp":0,"is_daily":false,"special_seed":0,"is_trial":false,"is_endless":false,"is_ascension_mode":true,"ascension_level":9,"neow_bonus":"TRANSFORM_TWO_CARDS","neow_cost":"TEN_PERCENT_HP_LOSS","is_beta":false,"is_prod":false,"victory":false,"floor_reached":31,"score":434,"timestamp":1699675087,"local_time":"11/11/2023 03:58:07","playtime":1972,"player_experience":327564,"master_deck":["Bash","Battle Trance","Inflame+1","Cleave+1","Carnage","Disarm+1","Berserk","Pummel+1","Disarm","Feed+1","Armaments+1","Flex","Double Tap","Battle Trance","Exhume","Thunderclap+1","Cleave+1","Jack Of All Trades","Demon Form","Thunderclap+1","Impervious","Metallicize+1"],"relics":["Burning Blood","Pantograph","Prayer Wheel","Happy Flower","Anchor","Centennial Puzzle","Pandora's Box","Pen Nib","Omamori","Whetstone","PreservedInsect"],"gold":177,"campfire_rested":0,"campfire_upgraded":3,"purchased_purges":1,"potions_floor_spawned":[2,6,8,14,16,21,24,25,27,30],"potions_floor_usage":[16,21,27,27,29,31],"current_hp_per_floor":[72,72,72,67,62,42,42,35,35,35,21,21,15,20,20,41,64,69,69,69,55,43,19,14,17,17,15,15,15,16,0],"max_hp_per_floor":[72,72,72,72,72,72,72,72,72,72,72,72,72,72,72,72,72,75,75,75,75,75,75,75,78,78,78,78,78,78,78],"gold_per_floor":[112,129,139,154,166,192,192,220,247,17,17,17,47,67,67,164,164,180,28,28,39,39,73,87,99,124,149,149,159,177,177],"path_per_floor":["M","M","M","M","M","E","R","E","T","$","?","?","E","M","R","B",null,"M","$","?","M","?","E","M","M","T","E","R","M","M","M"],"path_taken":["M","?","M","M","M","E","R","E","T","$","?","?","E","M","R","BOSS","M","$","?","M","?","E","?","M","T","E","R","M","M","?"],"items_purchased":["Anchor","Pen Nib"],"item_purchase_floors":[10,19],"items_purged":["Strike_R"],"items_purged_floors":[10],"character_chosen":"IRONCLAD","card_choices":[{"picked":"Cleave","not_picked":["Clothesline","Dual Wield"],"floor":1},{"picked":"Carnage","not_picked":["Havoc","Burning Pact"],"floor":2},{"picked":"Disarm","not_picked":["Havoc","Iron Wave"],"floor":3},{"picked":"Berserk","not_picked":["Body Slam","Pommel Strike"],"floor":4},{"picked":"SKIP","not_picked":["True Grit","Metallicize","Warcry"],"floor":5},{"picked":"SKIP","not_picked":["Carnage","Armaments","Cleave"],"floor":6},{"picked":"Pummel","not_picked":["Offering","Clash"],"floor":8},{"picked":"SKIP","not_picked":["Clash","True Grit","Body Slam"],"floor":13},{"picked":"Disarm","not_picked":["Shrug It Off","Sever Soul"],"floor":14},{"picked":"SKIP","not_picked":["Reckless Charge","Inflame","Combust"],"floor":14},{"picked":"Feed","not_picked":["Barricade","Double Tap"],"floor":16},{"picked":"Thunderclap+1","not_picked":["Flex+1","Shockwave"],"floor":18},{"picked":"SKIP","not_picked":["Thunderclap","Warcry","Flex"],"floor":18},{"picked":"Cleave+1","not_picked":["True Grit","Flex"],"floor":21},{"picked":"SKIP","not_picked":["Havoc","Clash","Iron Wave"],"floor":21},{"picked":"SKIP","not_picked":["Anger","Bloodletting","Carnage+1"],"floor":23},{"picked":"Demon Form","not_picked":["Flex","Metallicize+1"],"floor":24},{"picked":"SKIP","not_picked":["Iron Wave","Warcry","Pommel Strike"],"floor":24},{"picked":"Thunderclap+1","not_picked":["Twin Strike","Reckless Charge"],"floor":25},{"picked":"SKIP","not_picked":["Cleave","Havoc","Anger"],"floor":25},{"picked":"Impervious","not_picked":["Thunderclap+1","Shockwave"],"floor":27},{"picked":"SKIP","not_picked":["Body Slam","Pommel Strike","Cleave"],"floor":29},{"picked":"SKIP","not_picked":["Seeing Red","Body Slam","Reckless Charge"],"floor":29},{"picked":"Metallicize+1","not_picked":["True Grit","Clothesline"],"floor":30},{"picked":"SKIP","not_picked":["Twin Strike","Warcry+1","Sever Soul"],"floor":30}],"event_choices":[{"event_name":"Shining Light","player_choice":"Entered Light","floor":11,"cards_obtained":null,"cards_removed":null,"cards_transformed":null,"cards_upgraded":["Cleave","Defend_R"],"relics_obtained":null,"potions_obtained":null,"relics_lost":null,"damage_taken":14,"damage_healed":0,"max_hp_loss":0,"max_hp_gain":0,"gold_gain":0,"gold_loss":0},{"event_name":"Scrap Ooze","player_choice":"Fled","floor":12,"cards_obtained":null,"cards_removed":null,"cards_transformed":null,"cards_upgraded":null,"relics_obtained":null,"potions_obtained":null,"relics_lost":null,"damage_taken":0,"damage_healed":0,"max_hp_loss":0,"max_hp_gain":0,"gold_gain":0,"gold_loss":0},{"event_name":"Back to Basics","player_choice":"Elegance","floor":20,"cards_obtained":null,"cards_removed":["Intimidate"],"cards_transformed":null,"cards_upgraded":null,"relics_obtained":null,"potions_obtained":null,"relics_lost":null,"damage_taken":0,"damage_healed":0,"max_hp_loss":0,"max_hp_gain":0,"gold_gain":0,"gold_loss":0},{"event_name":"Knowing Skull","player_choice":"CARD ","floor":22,"cards_obtained":["Jack Of All Trades"],"cards_removed":null,"cards_transformed":null,"cards_upgraded":null,"relics_obtained":null,"potions_obtained":[],"relics_lost":null,"damage_taken":12,"damage_healed":0,"max_hp_loss":0,"max_hp_gain":0,"gold_gain":0,"gold_loss":0}],"boss_relics":[{"picked":"Pandora's Box","not_picked":["Fusion Hammer","Coffee Dripper"]}],"damage_taken":[{"floor":1,"enemies":"Cultist","damage":1,"turns":3},{"floor":2,"enemies":"Jaw Worm","damage":4,"turns":4},{"floor":3,"enemies":"2 Louse","damage":0,"turns":2},{"floor":4,"enemies":"Blue Slaver","damage":11,"turns":3},{"floor":5,"enemies":"3 Louse","damage":11,"turns":3},{"floor":6,"enemies":"Gremlin Nob","damage":26,"turns":4},{"floor":8,"enemies":"Lagavulin","damage":13,"turns":5},{"floor":13,"enemies":"Gremlin Nob","damage":12,"turns":3},{"floor":14,"enemies":"Gremlin Gang","damage":1,"turns":5},{"floor":16,"enemies":"The Guardian","damage":10,"turns":9},{"floor":18,"enemies":"Chosen","damage":4,"turns":4},{"floor":21,"enemies":"2 Thieves","damage":20,"turns":4},{"floor":23,"enemies":"Book of Stabbing","damage":30,"turns":6},{"floor":24,"enemies":"Centurion and Healer","damage":11,"turns":2},{"floor":25,"enemies":"Cultist and Chosen","damage":6,"turns":4},{"floor":27,"enemies":"Gremlin Leader","damage":20,"turns":6},{"floor":29,"enemies":"Shelled Parasite and Fungi","damage":6,"turns":3},{"floor":30,"enemies":"Snecko","damage":5,"turns":3},{"floor":31,"enemies":"Cultist and Chosen","damage":19,"turns":4}],"potions_obtained":[{"key":"Energy Potion","floor":2},{"key":"Strength Potion","floor":6},{"key":"SpeedPotion","floor":8},{"key":"Weak Potion","floor":14},{"key":"Strength Potion","floor":16},{"key":"EssenceOfSteel","floor":21},{"key":"FairyPotion","floor":24},{"key":"Regen Potion","floor":25},{"key":"SteroidPotion","floor":27},{"key":"Weak Potion","floor":30}],"relics_obtained":[{"key":"Pantograph","floor":6},{"key":"Prayer Wheel","floor":8},{"key":"Happy Flower","floor":9},{"key":"Centennial Puzzle","floor":13},{"key":"Omamori","floor":23},{"key":"Whetstone","floor":26},{"key":"PreservedInsect","floor":27}],"campfire_choices":[{"floor":7,"key":"SMITH","data":"Inflame"},{"floor":15,"key":"SMITH","data":"Disarm"},{"floor":28,"key":"SMITH","data":"Armaments"}],"circlet_count":0,"win_rate":0,"killed_by":"Cultist and Chosen"}