{"play_id":"899b886b-9e66-49d2-8158-de9409a7525c","build_version":"2020-01-27","seed_played":"-2642071488886629140","chose_seed":false,"seed_source_timestamp":0,"is_daily":false,"special_seed":0,"is_trial":false,"is_endless":false,"is_ascension_mode":true,"ascension_level":8,"neow_bonus":"THREE_ENEMY_KILL","neow_cost":"NONE","is_beta":false,"is_prod":false,"victory":false,"floor_reached":23,"score":378,"timestamp":1699034396,"local_time":"11/03/2023 17:59:56","playtime":927,"player_experience":290366,"master_deck":["Strike_R","Strike_R","Strike_R","Defend_R","Defend_R","Bash+1","Hemokinesis+1","Hemokinesis","Ghostly Armor","Shrug It Off","Battle Trance","Juggernaut","Armaments+1","Disarm"],"relics":["Burning Blood","NeowsBlessing","Pen Nib","Ornamental Fan","Happy Flower","Letter Opener","Centennial Puzzle","Paper Frog","Empty Cage","OrangePellets","Blood Vial","Meat on the Bone"],"gold":0,"campfire_rested":0,"campfire_upgraded":2,"purchased_purges":2,"potions_floor_spawned":[3,6,12,16,18],"potions_floor_usage":[23,23],"current_hp_per_floor":[78,60,66,66,66,72,76,72,72,72,41,30,30,30,30,28,67,61,61,61,61,61,0],"max_hp_per_floor":[80,80,80,80,80,80,80,80,80,80,80,80,80,80,80,80,80,80,80,80,80,80,80],"gold_per_floor":[118,118,128,53,228,254,273,289,289,289,322,385,335,335,335,431,431,447,43,43,0,0,0],"path_per_floor":["M","?","M","$","?","E","M","M","T","R","E","?","?","T","R","B","ul","M","$","?","?","T","E"],"path_taken":["M","?","M","$","?","E","M","M","T","R","E","?","?","?","R","BOSS","M","$","?","?","?","E"],"items_purchased":["OrangePellets","Blood Vial"],"item_purchase_floors":[19,19],"items_purged":["Strike_R","Defend_R"],"items_purged_floors":[4,19],"character_chosen":"IRONCLAD","card_choices":[{"picked":"Hemokinesis","not_picked":["Thunderclap","Cleave"],"floor":1},{"picked":"Hemokinesis","not_picked":["Armaments","Bloodletting"],"floor":3},{"picked":"Ghostly Armor","not_picked":["Bloodletting","Havoc"],"floor":6},{"picked":"Shrug It Off","not_picked":["Warcry","Entrench"],"floor":7},{"picked":"SKIP","not_picked":["Thunderclap","Warcry","Twin Strike"],"floor":8},{"picked":"SKIP","not_picked":["Perfected Strike","Body Slam","Twin Strike"],"floor":11},{"picked":"Battle Trance","not_picked":["Dark Embrace","Seeing Red"],"floor":12},{"picked":"Juggernaut","not_picked":["Brutality","Exhume"],"floor":16},{"picked":"Armaments+1","not_picked":["Feel No Pain+1","Clothesline+1"],"floor":18}],"event_choices":[{"event_name":"Scrap Ooze","player_choice":"Success","floor":2,"cards_obtained":null,"cards_removed":null,"cards_transformed":null,"cards_upgraded":null,"relics_obtained":["Pen Nib"],"potions_obtained":null,"relics_lost":null,"damage_taken":18,"damage_healed":0,"max_hp_loss":0,"max_hp_gain":0,"gold_gain":0,"gold_loss":0},{"event_name":"Liars Game","player_choice":"AGREE","floor":5,"cards_obtained":["Doubt"],"cards_removed":null,"cards_transformed":null,"cards_upgraded":null,"relics_obtained":null,"potions_obtained":null,"relics_lost":null,"damage_taken":0,"damage_healed":0,"max_hp_loss":0,"max_hp_gain":0,"gold_gain":175,"gold_loss":0},{"event_name":"Dead Adventurer","player_choice":"Searched '1' times","floor":12,"cards_obtained":null,"cards_removed":null,"cards_transformed":null,"cards_upgraded":null,"relics_obtained":null,"potions_obtained":null,"relics_lost":null,"damage_taken":0,"damage_healed":0,"max_hp_loss":0,"max_hp_gain":0,"gold_gain":0,"gold_loss":0},{"event_name":"The Cleric","player_choice":"Card Removal","floor":13,"cards_obtained":null,"cards_removed":["Doubt"],"cards_transformed":null,"cards_upgraded":null,"relics_obtained":null,"potions_obtained":null,"relics_lost":null,"damage_taken":0,"damage_healed":0,"max_hp_loss":0,"max_hp_gain":0,"gold_gain":0,"gold_loss":50},{"event_name":"The Library","player_choice":"Read","floor":20,"cards_obtained":["Disarm"],"cards_removed":null,"cards_transformed":null,"cards_upgraded":null,"relics_obtained":null,"potions_obtained":null,"relics_lost":null,"damage_taken":0,"damage_healed":0,"max_hp_loss":0,"max_hp_gain":0,"gold_gain":0,"gold_loss":0},{"event_name":"Masked Bandits","player_choice":"Paid Fearfully","floor":21,"cards_obtained":null,"cards_removed":null,"cards_transformed":null,"cards_upgraded":null,"relics_obtained":null,"potions_obtained":null,"relics_lost":null,"damage_taken":0,"damage_healed":0,"max_hp_loss":0,"max_hp_gain":0,"gold_gain":0,"gold_loss":43}],"boss_relics":[{"picked":"Empty Cage","not_picked":["Ectoplasm","Sozu"]}],"damage_taken":[{"floor":1,"enemies":"Jaw Worm","damage":0,"turns":1},{"floor":3,"enemies":"Small Slimes","damage":0,"turns":1},{"floor":6,"enemies":"Gremlin Nob","damage":0,"turns":1},{"floor":7,"enemies":"2 Louse","damage":2,"turns":2},{"floor":8,"enemies":"Large Slime","damage":10,"turns":6},{"floor":11,"enemies":"Lagavulin","damage":37,"turns":6},{"floor":12,"enemies":"3 Sentries","damage":17,"turns":10},{"floor":16,"enemies":"Slime Boss","damage":8,"turns":7},{"floor":18,"enemies":"2 Thieves","damage":12,"turns":3},{"floor":23,"enemies":"Gremlin Leader","damage":66,"turns":6}],"potions_obtained":[{"key":"Ancient Potion","floor":3},{"key":"Energy Potion","floor":6},{"key":"SkillPotion","floor":12},{"key":"SneckoOil","floor":16}],"relics_obtained":[{"key":"Ornamental Fan","floor":6},{"key":"Happy Flower","floor":9},{"key":"Letter Opener","floor":11},{"key":"Centennial Puzzle","floor":12},{"key":"Paper Frog","floor":14},{"key":"Meat on the Bone","floor":22}],"campfire_choices":[{"floor":10,"key":"SMITH","data":"Bash"},{"floor":15,"key":"SMITH","data":"Hemokinesis"}],"circlet_count":0,"win_rate":0,"killed_by":"Gremlin Leader"}