{"play_id":"05d0dcad-a7fa-4533-880f-c2f010f59348","build_version":"2020-01-27","seed_played":"-2238959231375213934","chose_seed":false,"seed_source_timestamp":1240376044829,"is_daily":false,"special_seed":null,"is_trial":false,"is_endless":false,"is_ascension_mode":true,"ascension_level":10,"neow_bonus":"THREE_ENEMY_KILL","neow_cost":"NONE","is_beta":false,"is_prod":false,"victory":false,"floor_reached":42,"score":837,"timestamp":1700802510,"local_time":"11/24/2023 05:08:30","playtime":1758,"player_experience":375521,"master_deck":["AscendersBane","Strike_R","Strike_R","Defend_R","Defend_R","Defend_R","Defend_R","Bash+1","Rupture","Blood for Blood","Combust+1","Feed","Offering+1","Hemokinesis","Rupture+1","Bloodletting","Impervious","Feed","Offering+1"],"relics":["Burning Blood","NeowsBlessing","Vajra","Regal Pillow","Bronze Scales","Golden Idol","Nunchaku","Empty Cage","Magic Flower","Bag of Preparation","Sundial","Anchor","StrikeDummy","Red Mask","Dream Catcher","Lantern","Busted Crown","Oddly Smooth Stone"],"gold":485,"campfire_rested":3,"campfire_upgraded":5,"purchased_purges":1,"potions_floor_spawned":[7,10,13,14,24,28,29,31,41],"potions_floor_usage":[8,10,13,14,22,24,27,28,29,41],"current_hp_per_floor":[78,80,80,80,69,69,51,49,49,26,26,26,35,15,54,7,62,47,47,47,47,43,43,17,57,57,35,20,17,59,55,55,45,83,91,91,91,91,68,68,28,0],"max_hp_per_floor":[80,80,80,80,80,80,80,80,80,80,74,74,77,80,80,80,80,83,83,83,83,83,83,86,86,86,89,92,92,92,95,95,95,95,98,93,93,93,93,93,93,93],"gold_per_floor":[112,122,138,7,82,82,114,124,149,183,183,183,204,274,274,393,393,409,409,409,45,70,70,106,106,129,173,214,247,247,283,283,408,408,421,421,421,421,444,444,485,485],"path_per_floor":["M","M","M","$","?","R","E","M","T","E","?","R","M","?","R","B",null,"M","?","?","$","M","R","E","R","T","E","?","E","R","E","R","B",null,"M","?","?","?","M","R","E","M"],"path_taken":["M","?","?","$","?","R","E","M","T","E","?","R","M","?","R","BOSS","M","?","?","$","M","R","E","R","T","E","?","E","R","E","R","BOSS","M","?","?","?","M","R","E","M"],"items_purchased":["Combust","AttackPotion","Bag of Preparation","BloodPotion","AttackPotion","Rupture"],"item_purchase_floors":[4,4,21,21,21,21],"items_purged":["Writhe"],"items_purged_floors":[21],"character_chosen":"IRONCLAD","card_choices":[{"picked":"Rupture","not_picked":["Sword Boomerang","Flex"],"floor":1},{"picked":"Blood for Blood","not_picked":["Sword Boomerang","Flame Barrier"],"floor":2},{"picked":"SKIP","not_picked":["Pummel","Havoc","Fire Breathing"],"floor":3},{"picked":"Feed","not_picked":["Headbutt","Seeing Red"],"floor":7},{"picked":"SKIP","not_picked":["Inflame","Havoc","Rage"],"floor":8},{"picked":"SKIP","not_picked":["Rage","Whirlwind","Cleave"],"floor":10},{"picked":"SKIP","not_picked":["Perfected Strike","Anger","Whirlwind"],"floor":13},{"picked":"Offering","not_picked":["Reaper","Feed"],"floor":16},{"picked":"Hemokinesis","not_picked":["Anger","Rampage"],"floor":18},{"picked":"SKIP","not_picked":["Body Slam","Havoc+1","Flex"],"floor":22},{"picked":"SKIP","not_picked":["Perfected Strike","Armaments","Flex+1"],"floor":24},{"picked":"SKIP","not_picked":["Shrug It Off+1","Power Through+1","Clash"],"floor":27},{"picked":"Bloodletting","not_picked":["Sever Soul","Perfected Strike"],"floor":28},{"picked":"Impervious","not_picked":["Carnage+1","Body Slam"],"floor":29},{"picked":"Feed","not_picked":["Rampage+1","Clothesline"],"floor":31},{"picked":"Offering","not_picked":["Berserk","Double Tap"],"floor":33},{"picked":"SKIP","not_picked":["Clash+1"],"floor":35},{"picked":"SKIP","not_picked":["Uppercut+1"],"floor":39},{"picked":"SKIP","not_picked":["Headbutt+1"],"floor":41}],"event_choices":[{"event_name":"World of Goop","player_choice":"Gather Gold","floor":5,"cards_obtained":null,"cards_removed":null,"cards_transformed":null,"cards_upgraded":null,"relics_obtained":null,"potions_obtained":null,"relics_lost":null,"damage_taken":11,"damage_healed":0,"max_hp_loss":0,"max_hp_gain":0,"gold_gain":75,"gold_loss":0},{"event_name":"Golden Idol","player_choice":"Lose Max HP","floor":11,"cards_obtained":null,"cards_removed":null,"cards_transformed":null,"cards_upgraded":null,"relics_obtained":["Golden Idol"],"potions_obtained":null,"relics_lost":null,"damage_taken":0,"damage_healed":0,"max_hp_loss":6,"max_hp_gain":0,"gold_gain":0,"gold_loss":0},{"event_name":"Dead Adventurer","player_choice":"Searched '2' times","floor":14,"cards_obtained":null,"cards_removed":null,"cards_transformed":null,"cards_upgraded":null,"relics_obtained":null,"potions_obtained":null,"relics_lost":null,"damage_taken":0,"damage_healed":0,"max_hp_loss":0,"max_hp_gain":0,"gold_gain":30,"gold_loss":0},{"event_name":"Cursed Tome","player_choice":"Ignored","floor":19,"cards_obtained":null,"cards_removed":null,"cards_transformed":null,"cards_upgraded":null,"relics_obtained":null,"potions_obtained":null,"relics_lost":null,"damage_taken":0,"damage_healed":0,"max_hp_loss":0,"max_hp_gain":0,"gold_gain":0,"gold_loss":0},{"event_name":"The Mausoleum","player_choice":"Opened","floor":20,"cards_obtained":["Writhe"],"cards_removed":null,"cards_transformed":null,"cards_upgraded":null,"relics_obtained":["Magic Flower"],"potions_obtained":null,"relics_lost":null,"damage_taken":0,"damage_healed":0,"max_hp_loss":0,"max_hp_gain":0,"gold_gain":0,"gold_loss":0},{"event_name":"Masked Bandits","player_choice":"Fought Bandits","floor":28,"cards_obtained":null,"cards_removed":null,"cards_transformed":null,"cards_upgraded":null,"relics_obtained":null,"potions_obtained":null,"relics_lost":null,"damage_taken":0,"damage_healed":0,"max_hp_loss":0,"max_hp_gain":0,"gold_gain":0,"gold_loss":0},{"event_name":"Winding Halls","player_choice":"Max HP","floor":36,"cards_obtained":null,"cards_removed":null,"cards_transformed":null,"cards_upgraded":null,"relics_obtained":null,"potions_obtained":null,"relics_lost":null,"damage_taken":0,"damage_healed":0,"max_hp_loss":5,"max_hp_gain":0,"gold_gain":0,"gold_loss":0},{"event_name":"SensoryStone","player_choice":"Memory 1","floor":37,"cards_obtained":null,"cards_removed":null,"cards_transformed":null,"cards_upgraded":null,"relics_obtained":null,"potions_obtained":null,"relics_lost":null,"damage_taken":0,"damage_healed":0,"max_hp_loss":0,"max_hp_gain":0,"gold_gain":0,"gold_loss":0},{"event_name":"Falling","player_choice":"Removed Attack","floor":38,"cards_obtained":null,"cards_removed":["Strike_R"],"cards_transformed":null,"cards_upgraded":null,"relics_obtained":null,"potions_obtained":null,"relics_lost":null,"damage_taken":0,"damage_healed":0,"max_hp_loss":0,"max_hp_gain":0,"gold_gain":0,"gold_loss":0}],"boss_relics":[{"picked":"Empty Cage","not_picked":["Fusion Hammer","Black Blood"]},{"picked":"Busted Crown","not_picked":["SacredBark","Pandora's Box"]}],"damage_taken":[{"floor":1,"enemies":"Cultist","damage":0,"turns":1},{"floor":2,"enemies":"2 Louse","damage":0,"turns":1},{"floor":3,"enemies":"Jaw Worm","damage":0,"turns":1},{"floor":7,"enemies":"3 Sentries","damage":24,"turns":5},{"floor":8,"enemies":"Looter","damage":8,"turns":3},{"floor":10,"enemies":"Lagavulin","damage":29,"turns":6},{"floor":13,"enemies":"Large Slime","damage":0,"turns":3},{"floor":14,"enemies":"Lagavulin Event","damage":29,"turns":5},{"floor":16,"enemies":"Slime Boss","damage":53,"turns":9},{"floor":18,"enemies":"3 Byrds","damage":24,"turns":3},{"floor":22,"enemies":"Shell Parasite","damage":13,"turns":2},{"floor":24,"enemies":"Slavers","damage":64,"turns":4},{"floor":27,"enemies":"Gremlin Leader","damage":36,"turns":6},{"floor":28,"enemies":"Masked Bandits","damage":29,"turns":3},{"floor":29,"enemies":"Book of Stabbing","damage":12,"turns":2},{"floor":31,"enemies":"Gremlin Leader","damage":18,"turns":6},{"floor":33,"enemies":"Collector","damage":19,"turns":6},{"floor":35,"enemies":"Orb Walker","damage":6,"turns":3},{"floor":39,"enemies":"3 Darklings","damage":32,"turns":4},{"floor":41,"enemies":"Nemesis","damage":49,"turns":3},{"floor":42,"enemies":"Maw","damage":28,"turns":4}],"potions_obtained":[{"key":"AttackPotion","floor":7},{"key":"SteroidPotion","floor":10},{"key":"EssenceOfSteel","floor":13},{"key":"Ancient Potion","floor":14},{"key":"SpeedPotion","floor":24},{"key":"ColorlessPotion","floor":28},{"key":"Weak Potion","floor":29},{"key":"LiquidBronze","floor":31},{"key":"BlessingOfTheForge","floor":41}],"relics_obtained":[{"key":"Vajra","floor":7},{"key":"Regal Pillow","floor":9},{"key":"Bronze Scales","floor":10},{"key":"Nunchaku","floor":14},{"key":"Sundial","floor":24},{"key":"Anchor","floor":26},{"key":"StrikeDummy","floor":27},{"key":"Red Mask","floor":28},{"key":"Dream Catcher","floor":29},{"key":"Lantern","floor":31},{"key":"Oddly Smooth Stone","floor":41}],"campfire_choices":[{"floor":6,"key":"SMITH","data":"Combust"},{"floor":12,"key":"SMITH","data":"Bash"},{"floor":15,"key":"REST"},{"floor":23,"key":"SMITH","data":"Offering"},{"floor":25,"key":"REST"},{"floor":30,"key":"REST"},{"floor":32,"key":"SMITH","data":"Rupture"},{"floor":40,"key":"SMITH","data":"Offering"}],"circlet_count":0,"win_rate":0,"killed_by":"Maw"}