{"play_id":"22f145f0-f800-4e6e-85cd-75f5a9428cb9","build_version":"2020-01-27","seed_played":"340274261229977190","chose_seed":false,"seed_source_timestamp":0,"is_daily":false,"special_seed":0,"is_trial":false,"is_endless":false,"is_ascension_mode":true,"ascension_level":10,"neow_bonus":"TWENTY_PERCENT_HP_BONUS","neow_cost":"PERCENT_DAMAGE","is_beta":false,"is_prod":false,"victory":true,"floor_reached":51,"score":1309,"timestamp":1700958263,"local_time":"11/26/2023 00:24:23","playtime":2514,"player_experience":377279,"master_deck":["AscendersBane","Defend_R","Defend_R","Bash+1","Hemokinesis+1","Dropkick","Cleave","Flex+1","Hemokinesis","Brutality","Seeing Red+1","Flame Barrier","Blood for Blood","Seeing Red+1","Corruption","Shockwave","Battle Trance","Flex","Clothesline+1","Offering","Armaments+1","Offering","Madness","Madness","Ghostly Armor+1","Flex+1","Carnage+1","Feel No Pain","Discovery","Shockwave+1","Doubt","Rupture+1"],"relics":["Burning Blood","Golden Idol","Ancient Tea Set","Bag of Preparation","Blood Vial","Empty Cage","Bag of Marbles","Letter Opener","Lantern","Oddly Smooth Stone","Dream Catcher","Runic Pyramid","DollysMirror","Eternal Feather","PreservedInsect","Question Card","Bronze Scales","Gambling Chip"],"gold":126,"campfire_rested":4,"campfire_upgraded":4,"purchased_purges":2,"potions_floor_spawned":[8,11,12,14,18,31,33,40,41,48],"potions_floor_usage":[41,45,50,50,50],"current_hp_per_floor":[61,61,37,37,41,41,13,16,16,44,26,19,16,22,22,9,74,39,39,39,39,39,39,18,46,46,45,45,42,42,42,70,29,79,79,79,67,67,56,37,10,53,53,53,38,96,73,54,72,31],"max_hp_per_floor":[96,96,96,96,96,96,96,96,96,96,96,96,96,96,96,96,96,96,96,96,96,96,96,96,96,96,96,96,96,96,96,96,96,96,96,96,96,96,96,96,96,96,96,96,96,96,96,96,96,96],"gold_per_floor":[110,60,60,60,81,81,115,128,154,154,193,213,236,255,255,384,384,404,30,30,30,30,30,73,73,73,114,213,228,26,45,45,168,168,193,48,48,48,73,107,128,128,199,36,72,72,103,126,126,126],"path_per_floor":["M","?","?","?","M","R","E","M","T","R","E","M","M","M","R","B","ul","M","$","?","?","?","R","E","R","T","E","?","M","$","M","R","B","ul","M","$","?","T","M","E","M","R","T","$","E","?","E","M","R","B",null],"path_taken":["M","?","?","?","M","R","E","?","T","R","E","M","M","M","R","BOSS","M","$","?","?","?","R","E","R","T","E","?","M","?","?","R","BOSS","M","$","?","?","?","E","?","R","T","?","E","?","E","M","R","BOSS"],"items_purchased":["Bag of Marbles","Flame Barrier","Blood for Blood","AttackPotion","Block Potion","DollysMirror","Feel No Pain","Discovery"],"item_purchase_floors":[19,19,19,30,30,36,44,44],"items_purged":["Defend_R","Strike_R"],"items_purged_floors":[19,30],"character_chosen":"IRONCLAD","card_choices":[{"picked":"Hemokinesis","not_picked":["True Grit","Cleave"],"floor":1},{"picked":"Dropkick","not_picked":["Metallicize","Battle Trance"],"floor":5},{"picked":"SKIP","not_picked":["Anger","Warcry","Clash"],"floor":7},{"picked":"SKIP","not_picked":["Exhume","Clash","Fire Breathing"],"floor":8},{"picked":"Cleave","not_picked":["Brutality","Ghostly Armor"],"floor":11},{"picked":"Flex","not_picked":["Iron Wave","Second Wind"],"floor":12},{"picked":"Hemokinesis","not_picked":["Clash","Feel No Pain"],"floor":13},{"picked":"SKIP","not_picked":["Sword Boomerang","Infernal Blade","Pommel Strike"],"floor":14},{"picked":"Brutality","not_picked":["Demon Form","Corruption"],"floor":16},{"picked":"Seeing Red+1","not_picked":["Clash","Sentinel"],"floor":18},{"picked":"SKIP","not_picked":["Cleave","Warcry+1","Twin Strike"],"floor":24},{"picked":"Shockwave","not_picked":["Armaments","Cleave"],"floor":27},{"picked":"Battle Trance","not_picked":["Fire Breathing","Cleave"],"floor":29},{"picked":"Flex","not_picked":["Combust","Pummel"],"floor":31},{"picked":"Clothesline+1","not_picked":["Hemokinesis","Anger"],"floor":32},{"picked":"Offering","not_picked":["Reaper","Fiend Fire"],"floor":33},{"picked":"SKIP","not_picked":["Rage+1","Clash","Armaments+1"],"floor":35},{"picked":"Armaments+1","not_picked":["Rage+1","Clash"],"floor":35},{"picked":"Ghostly Armor+1","not_picked":["Twin Strike","Clothesline"],"floor":39},{"picked":"SKIP","not_picked":["Blood for Blood","Iron Wave+1","Pommel Strike"],"floor":40},{"picked":"Flex+1","not_picked":["Intimidate+1","Twin Strike"],"floor":41},{"picked":"Carnage+1","not_picked":["Perfected Strike+1","Twin Strike"],"floor":42},{"picked":"Shockwave+1","not_picked":["Cleave+1","Armaments","Bludgeon"],"floor":45},{"picked":"SKIP","not_picked":["Anger+1","Twin Strike","Dual Wield+1","Warcry"],"floor":47},{"picked":"Rupture","not_picked":["Hemokinesis","Iron Wave+1","Infernal Blade+1"],"floor":48}],"event_choices":[{"event_name":"The Cleric","player_choice":"Card Removal","floor":2,"cards_obtained":null,"cards_removed":["Strike_R"],"cards_transformed":null,"cards_upgraded":null,"relics_obtained":null,"potions_obtained":null,"relics_lost":null,"damage_taken":0,"damage_healed":0,"max_hp_loss":0,"max_hp_gain":0,"gold_gain":0,"gold_loss":50},{"event_name":"Golden Idol","player_choice":"Take Damage","floor":3,"cards_obtained":null,"cards_removed":null,"cards_transformed":null,"cards_upgraded":null,"relics_obtained":["Golden Idol"],"potions_obtained":null,"relics_lost":null,"damage_taken":24,"damage_healed":0,"max_hp_loss":0,"max_hp_gain":0,"gold_gain":0,"gold_loss":0},{"event_name":"Accursed Blacksmith","player_choice":"Forge","floor":4,"cards_obtained":null,"cards_removed":null,"cards_transformed":null,"cards_upgraded":["Bash"],"relics_obtained":null,"potions_obtained":null,"relics_lost":null,"damage_taken":0,"damage_healed":0,"max_hp_loss":0,"max_hp_gain":0,"gold_gain":0,"gold_loss":0},{"event_name":"The Mausoleum","player_choice":"Opened","floor":20,"cards_obtained":null,"cards_removed":null,"cards_transformed":null,"cards_upgraded":null,"relics_obtained":["Letter Opener"],"potions_obtained":null,"relics_lost":null,"damage_taken":0,"damage_healed":0,"max_hp_loss":0,"max_hp_gain":0,"gold_gain":0,"gold_loss":0},{"event_name":"Cursed Tome","player_choice":"Ignored","floor":21,"cards_obtained":null,"cards_removed":null,"cards_transformed":null,"cards_upgraded":null,"relics_obtained":null,"potions_obtained":null,"relics_lost":null,"damage_taken":0,"damage_healed":0,"max_hp_loss":0,"max_hp_gain":0,"gold_gain":0,"gold_loss":0},{"event_name":"Drug Dealer","player_choice":"Became Test Subject","floor":22,"cards_obtained":["Seeing Red","Corruption"],"cards_removed":null,"cards_transformed":["Strike_R","Defend_R"],"cards_upgraded":null,"relics_obtained":null,"potions_obtained":null,"relics_lost":null,"damage_taken":0,"damage_healed":0,"max_hp_loss":0,"max_hp_gain":0,"gold_gain":0,"gold_loss":0},{"event_name":"Nest","player_choice":"Stole From Cult","floor":28,"cards_obtained":null,"cards_removed":null,"cards_transformed":null,"cards_upgraded":null,"relics_obtained":null,"potions_obtained":null,"relics_lost":null,"damage_taken":0,"damage_healed":0,"max_hp_loss":0,"max_hp_gain":0,"gold_gain":99,"gold_loss":0},{"event_name":"Winding Halls","player_choice":"Embrace Madness","floor":37,"cards_obtained":["Madness","Madness"],"cards_removed":null,"cards_transformed":null,"cards_upgraded":null,"relics_obtained":null,"potions_obtained":null,"relics_lost":null,"damage_taken":12,"damage_healed":0,"max_hp_loss":0,"max_hp_gain":0,"gold_gain":0,"gold_loss":0},{"event_name":"MindBloom","player_choice":"Heal","floor":46,"cards_obtained":["Doubt"],"cards_removed":null,"cards_transformed":null,"cards_upgraded":null,"relics_obtained":null,"potions_obtained":null,"relics_lost":null,"damage_taken":0,"damage_healed":58,"max_hp_loss":0,"max_hp_gain":0,"gold_gain":0,"gold_loss":0}],"boss_relics":[{"picked":"Empty Cage","not_picked":["Cursed Key","Velvet Choker"]},{"picked":"Runic Pyramid","not_picked":["Tiny House","Pandora's Box"]}],"damage_taken":[{"floor":1,"enemies":"Small Slimes","damage":12,"turns":4},{"floor":5,"enemies":"2 Louse","damage":2,"turns":3},{"floor":7,"enemies":"Gremlin Nob","damage":34,"turns":4},{"floor":8,"enemies":"Cultist","damage":3,"turns":3},{"floor":11,"enemies":"3 Sentries","damage":24,"turns":9},{"floor":12,"enemies":"3 Louse","damage":15,"turns":3},{"floor":13,"enemies":"Large Slime","damage":11,"turns":4},{"floor":14,"enemies":"2 Fungi Beasts","damage":2,"turns":2},{"floor":16,"enemies":"Hexaghost","damage":21,"turns":6},{"floor":18,"enemies":"3 Byrds","damage":43,"turns":4},{"floor":24,"enemies":"Book of Stabbing","damage":29,"turns":3},{"floor":27,"enemies":"Gremlin Leader","damage":9,"turns":4},{"floor":29,"enemies":"Chosen","damage":11,"turns":3},{"floor":31,"enemies":"Centurion and Healer","damage":8,"turns":3},{"floor":33,"enemies":"Collector","damage":49,"turns":4},{"floor":35,"enemies":"Orb Walker","damage":8,"turns":1},{"floor":39,"enemies":"3 Shapes","damage":19,"turns":3},{"floor":40,"enemies":"Giant Head","damage":27,"turns":6},{"floor":41,"enemies":"Transient","damage":35,"turns":5},{"floor":45,"enemies":"Reptomancer","damage":23,"turns":2},{"floor":47,"enemies":"Giant Head","damage":29,"turns":5},{"floor":48,"enemies":"Maw","damage":27,"turns":5},{"floor":50,"enemies":"Awakened One","damage":49,"turns":8}],"potions_obtained":[{"key":"SpeedPotion","floor":8},{"key":"Swift Potion","floor":11},{"key":"SkillPotion","floor":12},{"key":"Weak Potion","floor":14},{"key":"FairyPotion","floor":18},{"key":"Weak Potion","floor":31},{"key":"SkillPotion","floor":33},{"key":"Dexterity Potion","floor":40},{"key":"Explosive Potion","floor":41},{"key":"Strength Potion","floor":48}],"relics_obtained":[{"key":"Ancient Tea Set","floor":7},{"key":"Bag of Preparation","floor":9},{"key":"Blood Vial","floor":11},{"key":"Lantern","floor":24},{"key":"Oddly Smooth Stone","floor":26},{"key":"Dream Catcher","floor":27},{"key":"Eternal Feather","floor":38},{"key":"PreservedInsect","floor":40},{"key":"Question Card","floor":43},{"key":"Bronze Scales","floor":45},{"key":"Gambling Chip","floor":47}],"campfire_choices":[{"floor":6,"key":"SMITH","data":"Hemokinesis"},{"floor":10,"key":"REST"},{"floor":15,"key":"SMITH","data":"Flex"},{"floor":23,"key":"SMITH","data":"Seeing Red"},{"floor":25,"key":"REST"},{"floor":32,"key":"REST"},{"floor":42,"key":"REST"},{"floor":49,"key":"SMITH","data":"Rupture"}],"circlet_count":0,"win_rate":0,"killed_by":null}