{"play_id":"8efa3bae-a044-4ac8-9650-06c1a6770055","build_version":"2020-01-27","seed_played":"3233616610546237067","chose_seed":false,"seed_source_timestamp":0,"is_daily":false,"special_seed":0,"is_trial":false,"is_endless":false,"is_ascension_mode":true,"ascension_level":10,"neow_bonus":"REMOVE_CARD","neow_cost":"NONE","is_beta":false,"is_prod":false,"victory":false,"floor_reached":33,"score":434,"timestamp":1700628430,"local_time":"11/22/2023 04:47:10","playtime":1483,"player_experience":373567,"master_deck":["AscendersBane","Strike_R","Strike_R","Strike_R","Defend_R","Defend_R","Defend_R","Defend_R","Bash+1","Carnage+1","Iron Wave","Inflame+1","Perfected Strike","Twin Strike+1","Corruption+1","Shockwave","Twin Strike+1","Flex","Perfected Strike"],"relics":["Burning Blood","StrikeDummy","Darkstone Periapt","PreservedInsect","Black Star","Membership Card","MutagenicStrength","Bag of Preparation","Happy Flower","Bottled Tornado","Bag of Marbles","Anchor","Orichalcum"],"gold":87,"campfire_rested":3,"campfire_upgraded":5,"purchased_purges":3,"potions_floor_spawned":[6,16,24,31],"potions_floor_usage":[12,18,31,33,33,33,33],"current_hp_per_floor":[66,71,72,72,61,32,32,53,53,53,59,65,65,55,55,30,71,49,49,49,49,25,49,30,54,54,37,61,67,67,47,47,0],"max_hp_per_floor":[80,85,85,85,85,85,85,85,85,85,85,85,85,85,85,85,85,85,82,82,82,82,82,82,82,82,82,82,88,88,88,88,88],"gold_per_floor":[109,109,129,5,80,113,113,113,113,113,126,136,136,166,166,263,263,276,50,50,149,163,163,198,198,198,216,216,216,57,87,87,87],"path_per_floor":["M","?","M","$","?","E","R","?","T","R","M","M","R","E","R","B",null,"M","$","?","?","M","R","E","R","T","M","R","?","$","E","R","B"],"path_taken":["M","?","M","$","?","E","R","?","T","R","M","M","R","E","R","BOSS","M","$","?","?","M","R","E","R","T","M","R","?","?","E","R","BOSS"],"items_purchased":["Iron Wave","Membership Card","Shockwave","Flex","Bag of Marbles"],"item_purchase_floors":[4,19,19,30,30],"items_purged":["Strike_R","Parasite","Decay"],"items_purged_floors":[4,19,30],"character_chosen":"IRONCLAD","card_choices":[{"picked":"SKIP","not_picked":["Body Slam","Warcry","Clothesline"],"floor":1},{"picked":"Carnage","not_picked":["Body Slam","Iron Wave"],"floor":3},{"picked":"Inflame","not_picked":["Fire Breathing","Battle Trance"],"floor":6},{"picked":"Perfected Strike","not_picked":["Havoc","Clash"],"floor":11},{"picked":"Twin Strike","not_picked":["Iron Wave","Clothesline"],"floor":12},{"picked":"SKIP","not_picked":["Bludgeon","Power Through","Anger"],"floor":14},{"picked":"Corruption","not_picked":["Demon Form","Fiend Fire"],"floor":16},{"picked":"SKIP","not_picked":["Pummel+1","Infernal Blade","Power Through"],"floor":18},{"picked":"Twin Strike+1","not_picked":["Dark Embrace","Armaments"],"floor":22},{"picked":"SKIP","not_picked":["Fire Breathing","Anger+1","Pummel"],"floor":24},{"picked":"SKIP","not_picked":["Clash+1","Cleave","Headbutt+1"],"floor":27},{"picked":"Perfected Strike","not_picked":["Blood for Blood","Dual Wield"],"floor":31}],"event_choices":[{"event_name":"Big Fish","player_choice":"Donut","floor":2,"cards_obtained":null,"cards_removed":null,"cards_transformed":null,"cards_upgraded":null,"relics_obtained":null,"potions_obtained":null,"relics_lost":null,"damage_taken":0,"damage_healed":0,"max_hp_loss":0,"max_hp_gain":5,"gold_gain":0,"gold_loss":0},{"event_name":"World of Goop","player_choice":"Gather Gold","floor":5,"cards_obtained":null,"cards_removed":null,"cards_transformed":null,"cards_upgraded":null,"relics_obtained":null,"potions_obtained":null,"relics_lost":null,"damage_taken":11,"damage_healed":0,"max_hp_loss":0,"max_hp_gain":0,"gold_gain":75,"gold_loss":0},{"event_name":"Mushrooms","player_choice":"Healed and dodged fight","floor":8,"cards_obtained":["Parasite"],"cards_removed":null,"cards_transformed":null,"cards_upgraded":null,"relics_obtained":null,"potions_obtained":null,"relics_lost":null,"damage_taken":0,"damage_healed":21,"max_hp_loss":0,"max_hp_gain":0,"gold_gain":0,"gold_loss":0},{"event_name":"Drug Dealer","player_choice":"Inject Mutagens","floor":20,"cards_obtained":null,"cards_removed":null,"cards_transformed":null,"cards_upgraded":null,"relics_obtained":["MutagenicStrength"],"potions_obtained":null,"relics_lost":null,"damage_taken":0,"damage_healed":0,"max_hp_loss":0,"max_hp_gain":0,"gold_gain":0,"gold_loss":0},{"event_name":"Nest","player_choice":"Stole From Cult","floor":21,"cards_obtained":null,"cards_removed":null,"cards_transformed":null,"cards_upgraded":null,"relics_obtained":null,"potions_obtained":null,"relics_lost":null,"damage_taken":0,"damage_healed":0,"max_hp_loss":0,"max_hp_gain":0,"gold_gain":99,"gold_loss":0},{"event_name":"Forgotten Altar","player_choice":"Smashed Altar","floor":29,"cards_obtained":["Decay"],"cards_removed":null,"cards_transformed":null,"cards_upgraded":null,"relics_obtained":null,"potions_obtained":null,"relics_lost":null,"damage_taken":0,"damage_healed":0,"max_hp_loss":0,"max_hp_gain":0,"gold_gain":0,"gold_loss":0}],"boss_relics":[{"picked":"Black Star","not_picked":["Tiny House","Empty Cage"]}],"damage_taken":[{"floor":1,"enemies":"Jaw Worm","damage":12,"turns":3},{"floor":3,"enemies":"2 Louse","damage":5,"turns":4},{"floor":6,"enemies":"3 Sentries","damage":35,"turns":10},{"floor":11,"enemies":"Small Slimes","damage":0,"turns":3},{"floor":12,"enemies":"Blue Slaver","damage":0,"turns":1},{"floor":14,"enemies":"Gremlin Nob","damage":16,"turns":3},{"floor":16,"enemies":"The Guardian","damage":31,"turns":6},{"floor":18,"enemies":"2 Thieves","damage":28,"turns":3},{"floor":22,"enemies":"Shell Parasite","damage":30,"turns":4},{"floor":24,"enemies":"Gremlin Leader","damage":25,"turns":4},{"floor":27,"enemies":"Centurion and Healer","damage":23,"turns":4},{"floor":31,"enemies":"Slavers","damage":26,"turns":4},{"floor":33,"enemies":"Champ","damage":50,"turns":5}],"potions_obtained":[{"key":"Fire Potion","floor":6},{"key":"SkillPotion","floor":16},{"key":"EssenceOfSteel","floor":24},{"key":"EntropicBrew","floor":31}],"relics_obtained":[{"key":"StrikeDummy","floor":6},{"key":"Darkstone Periapt","floor":9},{"key":"PreservedInsect","floor":14},{"key":"Bag of Preparation","floor":24},{"key":"Happy Flower","floor":24},{"key":"Bottled Tornado","floor":26},{"key":"Anchor","floor":31},{"key":"Orichalcum","floor":31}],"campfire_choices":[{"floor":7,"key":"SMITH","data":"Carnage"},{"floor":10,"key":"SMITH","data":"Inflame"},{"floor":13,"key":"SMITH","data":"Twin Strike"},{"floor":15,"key":"SMITH","data":"Bash"},{"floor":23,"key":"REST"},{"floor":25,"key":"REST"},{"floor":28,"key":"REST"},{"floor":32,"key":"SMITH","data":"Corruption"}],"circlet_count":0,"win_rate":0,"killed_by":"Champ"}