{"play_id":"fc93e380-7bb5-4012-b209-619f43ffbebb","build_version":"2020-01-27","seed_played":"-1412140662484010765","chose_seed":false,"seed_source_timestamp":0,"is_daily":false,"special_seed":0,"is_trial":false,"is_endless":false,"is_ascension_mode":true,"ascension_level":10,"neow_bonus":"TEN_PERCENT_HP_BONUS","neow_cost":"NONE","is_beta":false,"is_prod":false,"victory":false,"floor_reached":14,"score":156,"timestamp":1700800730,"local_time":"11/24/2023 04:38:50","playtime":471,"player_experience":375050,"master_deck":["AscendersBane","Strike_R","Strike_R","Strike_R","Strike_R","Defend_R","Defend_R","Defend_R","Defend_R","Bash+1","Fire Breathing+1","Cleave","Doubt","Double Tap","Thunderclap","Inflame","Iron Wave"],"relics":["Burning Blood","Torii","Art of War","Bottled Tornado","Juzu Bracelet","Vajra"],"gold":415,"campfire_rested":1,"campfire_upgraded":2,"purchased_purges":0,"potions_floor_spawned":[1,2,6],"potions_floor_usage":[6,8,13],"current_hp_per_floor":[72,78,78,78,78,26,52,42,42,42,42,42,8,0],"max_hp_per_floor":[88,88,88,88,88,88,88,88,88,88,88,88,88,88],"gold_per_floor":[113,123,298,298,298,326,326,361,361,361,384,384,415,415],"path_per_floor":["M","M","?","?","?","E","R","E","T","R","T","R","E","M"],"path_taken":["M","M","?","?","?","E","R","E","T","R","?","R","E","M"],"items_purchased":[],"item_purchase_floors":[],"items_purged":[],"items_purged_floors":[],"character_chosen":"IRONCLAD","card_choices":[{"picked":"Fire Breathing","not_picked":["Blood for Blood","Whirlwind"],"floor":1},{"picked":"Cleave","not_picked":["Twin Strike","Shrug It Off"],"floor":2},{"picked":"Thunderclap","not_picked":["Bloodletting","Pommel Strike"],"floor":6},{"picked":"Inflame","not_picked":["Clash","Ghostly Armor"],"floor":8},{"picked":"Iron Wave","not_picked":["Bloodletting","Rupture"],"floor":13}],"event_choices":[{"event_name":"Liars Game","player_choice":"AGREE","floor":3,"cards_obtained":["Doubt"],"cards_removed":null,"cards_transformed":null,"cards_upgraded":null,"relics_obtained":null,"potions_obtained":null,"relics_lost":null,"damage_taken":0,"damage_healed":0,"max_hp_loss":0,"max_hp_gain":0,"gold_gain":175,"gold_loss":0},{"event_name":"Golden Idol","player_choice":"Ignored","floor":4,"cards_obtained":null,"cards_removed":null,"cards_transformed":null,"cards_upgraded":null,"relics_obtained":null,"potions_obtained":null,"relics_lost":null,"damage_taken":0,"damage_healed":0,"max_hp_loss":0,"max_hp_gain":0,"gold_gain":0,"gold_loss":0},{"event_name":"Living Wall","player_choice":"Change","floor":5,"cards_obtained":["Double Tap"],"cards_removed":null,"cards_transformed":["Strike_R"],"cards_upgraded":null,"relics_obtained":null,"potions_obtained":null,"relics_lost":null,"damage_taken":0,"damage_healed":0,"max_hp_loss":0,"max_hp_gain":0,"gold_gain":0,"gold_loss":0}],"boss_relics":[],"damage_taken":[{"floor":1,"enemies":"Jaw Worm","damage":14,"turns":3},{"floor":2,"enemies":"2 Louse","damage":0,"turns":3},{"floor":6,"enemies":"Lagavulin","damage":58,"turns":10},{"floor":8,"enemies":"Gremlin Nob","damage":16,"turns":3},{"floor":13,"enemies":"Lagavulin","damage":40,"turns":6},{"floor":14,"enemies":"Small Slimes","damage":8,"turns":1}],"potions_obtained":[{"key":"PowerPotion","floor":1},{"key":"Strength Potion","floor":2},{"key":"AttackPotion","floor":6}],"relics_obtained":[{"key":"Torii","floor":6},{"key":"Art of War","floor":8},{"key":"Bottled Tornado","floor":9},{"key":"Juzu Bracelet","floor":11},{"key":"Vajra","floor":13}],"campfire_choices":[{"floor":7,"key":"REST"},{"floor":10,"key":"SMITH","data":"Bash"},{"floor":12,"key":"SMITH","data":"Fire Breathing"}],"circlet_count":0,"win_rate":0,"killed_by":"Small Slimes"}