{"play_id":"0a09dd1f-4f9b-469a-b9ec-951d65094341","build_version":"2020-01-27","seed_played":"45234667192544192","chose_seed":false,"seed_source_timestamp":630964417182,"is_daily":false,"special_seed":null,"is_trial":false,"is_endless":false,"is_ascension_mode":true,"ascension_level":10,"neow_bonus":"BOSS_RELIC","neow_cost":"NONE","is_beta":false,"is_prod":false,"victory":false,"floor_reached":33,"score":483,"timestamp":1700621848,"local_time":"11/22/2023 02:57:28","playtime":1730,"player_experience":371837,"master_deck":["AscendersBane","Strike_R+1","Defend_R","Defend_R","Bash+1","Thunderclap","Rampage+1","Burning Pact","Double Tap+1","Demon Form+1","Battle Trance+1","Warcry+1","Ghostly Armor","Shrug It Off","Disarm","Shockwave+1","Feed"],"relics":["Tiny House","Golden Idol","Peace Pipe","FossilizedHelix","Lantern","Kunai","Astrolabe","Potion Belt","Blue Candle","Orichalcum","StrikeDummy"],"gold":537,"campfire_rested":1,"campfire_upgraded":3,"purchased_purges":2,"potions_floor_spawned":[7,10,12,16,19,29,30],"potions_floor_usage":[10,12,13,13,13,16,16,18,24,24,24,24,24,27,28,29,31,33],"current_hp_per_floor":[75,54,54,54,54,54,19,19,19,19,19,19,34,34,34,32,72,72,72,72,72,72,72,56,56,56,56,42,36,36,36,61,0],"max_hp_per_floor":[85,85,85,85,85,85,85,85,85,85,85,85,85,85,85,85,85,85,85,85,85,85,85,85,85,85,85,85,85,85,85,85,85],"gold_per_floor":[167,167,192,46,61,61,104,204,204,240,140,165,185,185,185,389,389,407,425,425,425,385,385,424,424,424,449,485,500,519,537,537,537],"path_per_floor":["M","?","M","$","M","R","E","?","T","E","$","M","M","T","R","B",null,"M","M","?","?","?","R","E","R","T","M","E","M","M","M","R","B"],"path_taken":["M","?","M","$","M","R","E","?","T","E","$","M","?","?","R","BOSS","M","M","?","?","?","R","E","R","T","M","E","M","?","M","R","BOSS"],"items_purchased":["Burning Pact"],"item_purchase_floors":[4],"items_purged":["Strike_R","Strike_R"],"items_purged_floors":[4,11],"character_chosen":"IRONCLAD","card_choices":[{"picked":"Thunderclap","not_picked":["Anger","Feel No Pain"],"floor":0},{"picked":"Rampage","not_picked":["Cleave","Shrug It Off"],"floor":1},{"picked":"SKIP","not_picked":["Iron Wave","Flex","Body Slam"],"floor":3},{"picked":"SKIP","not_picked":["Cleave","Feel No Pain","Searing Blow"],"floor":5},{"picked":"SKIP","not_picked":["Flex","Pommel Strike","Anger"],"floor":7},{"picked":"SKIP","not_picked":["Bloodletting","Sever Soul","Iron Wave"],"floor":10},{"picked":"SKIP","not_picked":["Searing Blow","Bloodletting","Warcry"],"floor":12},{"picked":"SKIP","not_picked":["Pommel Strike","Sword Boomerang","Perfected Strike"],"floor":13},{"picked":"Double Tap","not_picked":["Feed","Reaper"],"floor":16},{"picked":"Ghostly Armor","not_picked":["Searing Blow","Havoc+1"],"floor":18},{"picked":"Shrug It Off","not_picked":["Inflame","Combust"],"floor":19},{"picked":"Disarm","not_picked":["Second Wind","Perfected Strike"],"floor":24},{"picked":"SKIP","not_picked":["Cleave+1","Iron Wave","Rage"],"floor":27},{"picked":"Shockwave+1","not_picked":["Cleave+1","Bloodletting+1"],"floor":28},{"picked":"SKIP","not_picked":["Fire Breathing","Headbutt","Cleave"],"floor":29},{"picked":"Feed","not_picked":["Blood for Blood","Clothesline"],"floor":30},{"picked":"SKIP","not_picked":["Pommel Strike+1","Anger","Headbutt"],"floor":31}],"event_choices":[{"event_name":"Golden Idol","player_choice":"Take Damage","floor":2,"cards_obtained":null,"cards_removed":null,"cards_transformed":null,"cards_upgraded":null,"relics_obtained":["Golden Idol"],"potions_obtained":null,"relics_lost":null,"damage_taken":21,"damage_healed":0,"max_hp_loss":0,"max_hp_gain":0,"gold_gain":0,"gold_loss":0},{"event_name":"Golden Shrine","player_choice":"Pray","floor":8,"cards_obtained":null,"cards_removed":null,"cards_transformed":null,"cards_upgraded":null,"relics_obtained":null,"potions_obtained":null,"relics_lost":null,"damage_taken":0,"damage_healed":0,"max_hp_loss":0,"max_hp_gain":0,"gold_gain":100,"gold_loss":0},{"event_name":"Vampires","player_choice":"Ignored","floor":20,"cards_obtained":null,"cards_removed":null,"cards_transformed":null,"cards_upgraded":null,"relics_obtained":null,"potions_obtained":null,"relics_lost":null,"damage_taken":0,"damage_healed":0,"max_hp_loss":0,"max_hp_gain":0,"gold_gain":0,"gold_loss":0},{"event_name":"The Mausoleum","player_choice":"Opened","floor":21,"cards_obtained":null,"cards_removed":null,"cards_transformed":null,"cards_upgraded":null,"relics_obtained":["Potion Belt"],"potions_obtained":null,"relics_lost":null,"damage_taken":0,"damage_healed":0,"max_hp_loss":0,"max_hp_gain":0,"gold_gain":0,"gold_loss":0},{"event_name":"The Woman in Blue","player_choice":"Bought 3 Potions","floor":22,"cards_obtained":null,"cards_removed":null,"cards_transformed":null,"cards_upgraded":null,"relics_obtained":null,"potions_obtained":null,"relics_lost":null,"damage_taken":0,"damage_healed":0,"max_hp_loss":0,"max_hp_gain":0,"gold_gain":0,"gold_loss":0}],"boss_relics":[{"picked":"Astrolabe","not_picked":["Busted Crown","Fusion Hammer"]}],"damage_taken":[{"floor":1,"enemies":"2 Louse","damage":2,"turns":3},{"floor":3,"enemies":"Small Slimes","damage":0,"turns":2},{"floor":5,"enemies":"Cultist","damage":0,"turns":3},{"floor":7,"enemies":"Lagavulin","damage":35,"turns":6},{"floor":10,"enemies":"Gremlin Nob","damage":0,"turns":3},{"floor":12,"enemies":"Exordium Wildlife","damage":0,"turns":4},{"floor":13,"enemies":"Blue Slaver","damage":2,"turns":4},{"floor":16,"enemies":"Slime Boss","damage":2,"turns":12},{"floor":18,"enemies":"Shell Parasite","damage":0,"turns":2},{"floor":19,"enemies":"Chosen","damage":0,"turns":3},{"floor":24,"enemies":"Slavers","damage":16,"turns":5},{"floor":27,"enemies":"Centurion and Healer","damage":0,"turns":3},{"floor":28,"enemies":"Book of Stabbing","damage":14,"turns":5},{"floor":29,"enemies":"Cultist and Chosen","damage":6,"turns":5},{"floor":30,"enemies":"Chosen and Byrds","damage":0,"turns":5},{"floor":31,"enemies":"Shelled Parasite and Fungi","damage":0,"turns":5},{"floor":33,"enemies":"Automaton","damage":81,"turns":6}],"potions_obtained":[{"key":"HeartOfIron","floor":0},{"key":"PowerPotion","floor":7},{"key":"Block Potion","floor":10},{"key":"EntropicBrew","floor":12},{"key":"Fire Potion","floor":16},{"key":"EntropicBrew","floor":19},{"key":"DuplicationPotion","floor":22},{"key":"Fire Potion","floor":22},{"key":"Block Potion","floor":22},{"key":"Block Potion","floor":29},{"key":"ColorlessPotion","floor":30}],"relics_obtained":[{"key":"Peace Pipe","floor":7},{"key":"FossilizedHelix","floor":9},{"key":"Lantern","floor":10},{"key":"Kunai","floor":14},{"key":"Blue Candle","floor":24},{"key":"Orichalcum","floor":26},{"key":"StrikeDummy","floor":28}],"campfire_choices":[{"floor":6,"key":"SMITH","data":"Rampage"},{"floor":15,"key":"PURGE","data":"Strike_R"},{"floor":23,"key":"SMITH","data":"Bash"},{"floor":25,"key":"SMITH","data":"Double Tap"},{"floor":32,"key":"REST"}],"circlet_count":0,"win_rate":0,"killed_by":"Automaton"}