{"play_id":"02742e31-86c0-4e55-8705-6fd52dcd8f19","build_version":"2020-01-27","seed_played":"7146312525780563900","chose_seed":false,"seed_source_timestamp":0,"is_daily":false,"special_seed":0,"is_trial":false,"is_endless":false,"is_ascension_mode":true,"ascension_level":11,"neow_bonus":"ONE_RANDOM_RARE_CARD","neow_cost":"NONE","is_beta":false,"is_prod":false,"victory":false,"floor_reached":41,"score":682,"timestamp":1703732519,"local_time":"12/28/2023 03:01:59","playtime":2373,"player_experience":455931,"master_deck":["AscendersBane","Strike_R+1","Defend_R","Defend_R","Defend_R","Defend_R","Bash+1","Brutality","Clothesline","Rupture+1","Warcry","Shockwave","Combust","Rupture","Offering+1","Rupture","Demon Form","Seeing Red+1"],"relics":["Black Blood","Dead Branch","Potion Belt","PreservedInsect","Boot","Omamori","Pocketwatch","Busted Crown","Membership Card","Red Mask","Lantern","Whetstone","Strawberry","Happy Flower"],"gold":307,"campfire_rested":6,"campfire_upgraded":2,"purchased_purges":2,"potions_floor_spawned":[8,13,14,22,28,30,31,33,36,38],"potions_floor_usage":[36,41],"current_hp_per_floor":[65,65,65,58,47,24,24,16,16,40,40,64,64,67,67,41,70,66,66,66,59,18,42,42,21,21,45,26,50,40,30,54,28,67,52,36,36,42,49,49,0],"max_hp_per_floor":[80,80,80,80,80,80,80,80,80,80,80,80,80,80,80,80,80,80,80,80,80,80,80,80,80,80,80,80,80,80,80,80,80,80,80,80,80,80,87,87,87],"gold_per_floor":[109,109,14,14,89,123,149,161,215,215,33,33,68,81,81,180,180,193,1,1,12,44,44,44,58,83,83,118,118,137,151,151,249,249,267,267,489,505,307,307,307],"path_per_floor":["M","T","$","?","?","E","T","M","T","R","$","R","E","M","R","B","ul","M","$","?","M","?","R","?","M","T","R","E","R","M","M","R","B","ul","M","?","?","M","$","R","E"],"path_taken":["M","?","$","?","?","E","?","?","T","R","$","R","E","M","R","BOSS","BOSS","M","$","?","M","?","R","?","?","T","R","E","R","M","M","R","BOSS","M","?","?","M","$","R","E"],"items_purchased":["Rupture","Warcry","Omamori","Rupture","Membership Card","Strawberry","Happy Flower"],"item_purchase_floors":[3,3,11,11,19,39,39],"items_purged":["Strike_R","Strike_R"],"items_purged_floors":[19,39],"character_chosen":"IRONCLAD","card_choices":[{"picked":"Clothesline","not_picked":["Iron Wave","Clash"],"floor":1},{"picked":"Shockwave","not_picked":["Clothesline","Twin Strike"],"floor":6},{"picked":"Combust","not_picked":["Havoc","Sword Boomerang"],"floor":8},{"picked":"SKIP","not_picked":["Metallicize","Searing Blow","Clothesline"],"floor":13},{"picked":"SKIP","not_picked":["Anger","Clash","Sword Boomerang"],"floor":14},{"picked":"Offering","not_picked":["Reaper","Barricade"],"floor":16},{"picked":"SKIP","not_picked":["Fire Breathing"],"floor":18},{"picked":"Rupture","not_picked":[],"floor":21},{"picked":"SKIP","not_picked":["Warcry"],"floor":25},{"picked":"SKIP","not_picked":["Havoc"],"floor":28},{"picked":"SKIP","not_picked":["Headbutt"],"floor":30},{"picked":"Demon Form","not_picked":[],"floor":31},{"picked":"SKIP","not_picked":["Perfected Strike"],"floor":35},{"picked":"Seeing Red+1","not_picked":[],"floor":38}],"event_choices":[{"event_name":"Golden Wing","player_choice":"Card Removal","floor":4,"cards_obtained":null,"cards_removed":["Strike_R"],"cards_transformed":null,"cards_upgraded":null,"relics_obtained":null,"potions_obtained":null,"relics_lost":null,"damage_taken":7,"damage_healed":0,"max_hp_loss":0,"max_hp_gain":0,"gold_gain":0,"gold_loss":0},{"event_name":"World of Goop","player_choice":"Gather Gold","floor":5,"cards_obtained":null,"cards_removed":null,"cards_transformed":null,"cards_upgraded":null,"relics_obtained":null,"potions_obtained":null,"relics_lost":null,"damage_taken":11,"damage_healed":0,"max_hp_loss":0,"max_hp_gain":0,"gold_gain":75,"gold_loss":0},{"event_name":"Cursed Tome","player_choice":"Ignored","floor":20,"cards_obtained":null,"cards_removed":null,"cards_transformed":null,"cards_upgraded":null,"relics_obtained":null,"potions_obtained":null,"relics_lost":null,"damage_taken":0,"damage_healed":0,"max_hp_loss":0,"max_hp_gain":0,"gold_gain":0,"gold_loss":0},{"event_name":"Masked Bandits","player_choice":"Fought Bandits","floor":22,"cards_obtained":null,"cards_removed":null,"cards_transformed":null,"cards_upgraded":null,"relics_obtained":null,"potions_obtained":null,"relics_lost":null,"damage_taken":0,"damage_healed":0,"max_hp_loss":0,"max_hp_gain":0,"gold_gain":0,"gold_loss":0},{"event_name":"Wheel of Change","player_choice":"Card Removal","floor":24,"cards_obtained":null,"cards_removed":["Strike_R"],"cards_transformed":null,"cards_upgraded":null,"relics_obtained":null,"potions_obtained":null,"relics_lost":null,"damage_taken":0,"damage_healed":0,"max_hp_loss":0,"max_hp_gain":0,"gold_gain":0,"gold_loss":0},{"event_name":"Mysterious Sphere","player_choice":"Fight","floor":36,"cards_obtained":null,"cards_removed":null,"cards_transformed":null,"cards_upgraded":null,"relics_obtained":null,"potions_obtained":null,"relics_lost":null,"damage_taken":0,"damage_healed":0,"max_hp_loss":0,"max_hp_gain":0,"gold_gain":0,"gold_loss":0},{"event_name":"Tomb of Lord Red Mask","player_choice":"Wore Mask","floor":37,"cards_obtained":null,"cards_removed":null,"cards_transformed":null,"cards_upgraded":null,"relics_obtained":null,"potions_obtained":null,"relics_lost":null,"damage_taken":0,"damage_healed":0,"max_hp_loss":0,"max_hp_gain":0,"gold_gain":222,"gold_loss":0}],"boss_relics":[{"picked":"Busted Crown","not_picked":["Fusion Hammer","SlaversCollar"]},{"picked":"Black Blood","not_picked":["Philosopher's Stone","SacredBark"]}],"damage_taken":[{"floor":1,"enemies":"Cultist","damage":13,"turns":4},{"floor":6,"enemies":"Gremlin Nob","damage":29,"turns":4},{"floor":8,"enemies":"Small Slimes","damage":14,"turns":4},{"floor":13,"enemies":"Lagavulin","damage":6,"turns":4},{"floor":14,"enemies":"2 Louse","damage":3,"turns":3},{"floor":16,"enemies":"Slime Boss","damage":32,"turns":5},{"floor":18,"enemies":"3 Byrds","damage":10,"turns":3},{"floor":21,"enemies":"Chosen","damage":13,"turns":3},{"floor":22,"enemies":"Masked Bandits","damage":47,"turns":4},{"floor":25,"enemies":"Snake Plant","damage":27,"turns":3},{"floor":28,"enemies":"Book of Stabbing","damage":25,"turns":3},{"floor":30,"enemies":"Cultist and Chosen","damage":16,"turns":4},{"floor":31,"enemies":"3 Cultists","damage":16,"turns":3},{"floor":33,"enemies":"Champ","damage":32,"turns":4},{"floor":35,"enemies":"3 Darklings","damage":27,"turns":5},{"floor":36,"enemies":"2 Orb Walkers","damage":28,"turns":2},{"floor":38,"enemies":"Orb Walker","damage":6,"turns":1},{"floor":41,"enemies":"Nemesis","damage":49,"turns":4}],"potions_obtained":[{"key":"PowerPotion","floor":8},{"key":"LiquidMemories","floor":13},{"key":"FearPotion","floor":14},{"key":"SteroidPotion","floor":22},{"key":"AttackPotion","floor":28},{"key":"SmokeBomb","floor":30},{"key":"SteroidPotion","floor":31},{"key":"DuplicationPotion","floor":33},{"key":"PowerPotion","floor":38}],"relics_obtained":[{"key":"Dead Branch","floor":2},{"key":"Potion Belt","floor":6},{"key":"PreservedInsect","floor":7},{"key":"Boot","floor":9},{"key":"Pocketwatch","floor":13},{"key":"Red Mask","floor":22},{"key":"Lantern","floor":26},{"key":"Whetstone","floor":28}],"campfire_choices":[{"floor":10,"key":"REST"},{"floor":12,"key":"REST"},{"floor":15,"key":"SMITH","data":"Rupture"},{"floor":23,"key":"REST"},{"floor":27,"key":"REST"},{"floor":29,"key":"REST"},{"floor":32,"key":"REST"},{"floor":40,"key":"SMITH","data":"Offering"}],"circlet_count":0,"win_rate":0,"killed_by":"Nemesis"}