{"play_id":"528f47b9-010e-4eab-bd13-75a56aa765a9","build_version":"2020-01-27","seed_played":"4386130565912583983","chose_seed":false,"seed_source_timestamp":1491471615620,"is_daily":false,"special_seed":null,"is_trial":false,"is_endless":false,"is_ascension_mode":true,"ascension_level":11,"neow_bonus":"ONE_RARE_RELIC","neow_cost":"CURSE","is_beta":false,"is_prod":false,"victory":false,"floor_reached":16,"score":161,"timestamp":1703770347,"local_time":"12/28/2023 13:32:27","playtime":712,"player_experience":458304,"master_deck":["AscendersBane","Strike_R","Strike_R","Strike_R","Strike_R","Strike_R+1","Defend_R","Defend_R","Defend_R","Defend_R","Bash+1","True Grit+1","Twin Strike+1","Flex","Carnage+1","Twin Strike","Shrug It Off","Metallicize+1","Sentinel"],"relics":["Burning Blood","Torii","Whetstone","Bag of Marbles"],"gold":83,"campfire_rested":0,"campfire_upgraded":3,"purchased_purges":1,"potions_floor_spawned":[1,3,5,14],"potions_floor_usage":[5,7,16,16],"current_hp_per_floor":[72,55,47,47,25,25,30,35,35,35,40,40,26,31,31,0],"max_hp_per_floor":[80,80,80,80,80,80,80,85,85,85,85,85,85,85,85,85],"gold_per_floor":[110,125,142,142,162,162,172,172,172,172,190,39,66,83,83,83],"path_per_floor":["M","M","M","?","M","R","M","?","T","R","M","$","E","M","R","B"],"path_taken":["M","M","M","?","?","R","M","?","T","R","M","?","E","M","R","BOSS"],"items_purchased":["Metallicize"],"item_purchase_floors":[12],"items_purged":["Doubt"],"items_purged_floors":[12],"character_chosen":"IRONCLAD","card_choices":[{"picked":"True Grit","not_picked":["Headbutt","Thunderclap"],"floor":1},{"picked":"Twin Strike","not_picked":["Cleave","Sever Soul"],"floor":2},{"picked":"Flex","not_picked":["Battle Trance","Havoc"],"floor":3},{"picked":"Carnage","not_picked":["True Grit","Second Wind"],"floor":5},{"picked":"Twin Strike","not_picked":["Perfected Strike","Whirlwind"],"floor":7},{"picked":"Shrug It Off","not_picked":["Armaments","Whirlwind"],"floor":11},{"picked":"Sentinel","not_picked":["Flex","Feed"],"floor":13},{"picked":"SKIP","not_picked":["Clash","Body Slam","Pommel Strike"],"floor":14}],"event_choices":[{"event_name":"Accursed Blacksmith","player_choice":"Forge","floor":4,"cards_obtained":null,"cards_removed":null,"cards_transformed":null,"cards_upgraded":["Bash"],"relics_obtained":null,"potions_obtained":null,"relics_lost":null,"damage_taken":0,"damage_healed":0,"max_hp_loss":0,"max_hp_gain":0,"gold_gain":0,"gold_loss":0},{"event_name":"Big Fish","player_choice":"Donut","floor":8,"cards_obtained":null,"cards_removed":null,"cards_transformed":null,"cards_upgraded":null,"relics_obtained":null,"potions_obtained":null,"relics_lost":null,"damage_taken":0,"damage_healed":0,"max_hp_loss":0,"max_hp_gain":5,"gold_gain":0,"gold_loss":0}],"boss_relics":[],"damage_taken":[{"floor":1,"enemies":"2 Louse","damage":6,"turns":4},{"floor":2,"enemies":"Cultist","damage":23,"turns":5},{"floor":3,"enemies":"Small Slimes","damage":14,"turns":4},{"floor":5,"enemies":"Exordium Thugs","damage":42,"turns":5},{"floor":7,"enemies":"Blue Slaver","damage":1,"turns":2},{"floor":11,"enemies":"2 Fungi Beasts","damage":1,"turns":3},{"floor":13,"enemies":"Lagavulin","damage":20,"turns":6},{"floor":14,"enemies":"Gremlin Gang","damage":1,"turns":6},{"floor":16,"enemies":"The Guardian","damage":51,"turns":11}],"potions_obtained":[{"key":"Regen Potion","floor":1},{"key":"EssenceOfSteel","floor":3},{"key":"Dexterity Potion","floor":5},{"key":"Weak Potion","floor":14}],"relics_obtained":[{"key":"Whetstone","floor":9},{"key":"Bag of Marbles","floor":13}],"campfire_choices":[{"floor":6,"key":"SMITH","data":"Carnage"},{"floor":10,"key":"SMITH","data":"True Grit"},{"floor":15,"key":"SMITH","data":"Metallicize"}],"circlet_count":0,"win_rate":0,"killed_by":"The Guardian"}