{"play_id":"10870f2c-d3c9-4403-8673-3153abde699f","build_version":"2020-01-27","seed_played":"-2718279741694346094","chose_seed":false,"seed_source_timestamp":0,"is_daily":false,"special_seed":0,"is_trial":false,"is_endless":false,"is_ascension_mode":true,"ascension_level":11,"neow_bonus":"TRANSFORM_TWO_CARDS","neow_cost":"NO_GOLD","is_beta":false,"is_prod":false,"victory":true,"floor_reached":51,"score":1284,"timestamp":1703820302,"local_time":"12/29/2023 03:25:02","playtime":2261,"player_experience":459016,"master_deck":["AscendersBane","Defend_R","Defend_R","Defend_R+1","Bash+1","Offering+1","Combust+1","Carnage","Rupture+1","Shrug It Off","Combust","Rupture+1","Dual Wield+1","Offering+1","Dark Embrace+1","Clothesline+1","Offering+1","Impervious","Iron Wave","Hemokinesis+1","Fiend Fire+1","Chrysalis+1","Carnage+1"],"relics":["Burning Blood","Golden Idol","Meat on the Bone","Bag of Preparation","Centennial Puzzle","Bottled Lightning","Astrolabe","Art of War","Paper Frog","Strange Spoon","Omamori","Tiny Chest","Boot","MutagenicStrength","Busted Crown","InkBottle","Anchor","Lantern","Strawberry"],"gold":129,"campfire_rested":4,"campfire_upgraded":6,"purchased_purges":0,"potions_floor_spawned":[4,7,18,37,48],"potions_floor_usage":[7,14,22,48,50,50,50],"current_hp_per_floor":[66,66,66,59,44,44,10,10,10,3,25,26,48,43,43,44,67,54,54,54,48,39,40,40,30,30,25,25,47,47,47,47,24,62,47,47,47,47,50,50,50,50,50,47,43,43,43,41,65,22],"max_hp_per_floor":[80,80,74,74,74,74,74,74,74,74,74,74,74,74,74,74,74,74,74,74,74,74,74,74,74,74,74,74,74,74,74,74,74,74,74,74,74,74,74,74,74,74,74,74,74,74,74,81,81,81],"gold_per_floor":[10,10,10,34,34,34,74,35,60,60,60,91,91,125,125,249,249,272,220,420,436,455,490,97,133,156,181,181,181,106,106,106,230,230,249,69,92,42,55,55,55,55,78,121,134,94,94,129,129,129],"path_per_floor":["M","$","?","M","?","R","E","$","T","?","R","E","R","E","R","B",null,"M","$","?","M","M","E","$","E","T","M","?","R","?","?","R","B",null,"M","$","M","$","M","R","T","R","T","E","M","?","R","E","R","B",null],"path_taken":["M","$","?","M","?","R","E","$","T","?","R","E","R","E","R","BOSS","M","$","?","?","M","E","$","E","T","M","?","R","?","?","R","BOSS","M","$","M","$","M","R","?","R","T","E","?","?","R","E","R","BOSS"],"items_purchased":["Combust","BloodPotion","Paper Frog","Strange Spoon","Chrysalis","Block Potion"],"item_purchase_floors":[8,19,24,24,36,38],"items_purged":[],"items_purged_floors":[],"character_chosen":"IRONCLAD","card_choices":[{"picked":"Carnage","not_picked":["Sword Boomerang","Body Slam"],"floor":1},{"picked":"Rupture","not_picked":["Cleave","Iron Wave"],"floor":4},{"picked":"Shrug It Off","not_picked":["Combust","Headbutt"],"floor":7},{"picked":"Rupture","not_picked":["Corruption","Body Slam"],"floor":12},{"picked":"Dual Wield","not_picked":["Flex","Sword Boomerang"],"floor":14},{"picked":"Offering","not_picked":["Fiend Fire","Juggernaut"],"floor":16},{"picked":"SKIP","not_picked":["Fire Breathing","Intimidate+1","Warcry"],"floor":18},{"picked":"SKIP","not_picked":["Twin Strike","Carnage","Uppercut+1"],"floor":21},{"picked":"SKIP","not_picked":["Sword Boomerang","Clash","Havoc"],"floor":22},{"picked":"Impervious","not_picked":["Exhume","Inflame+1"],"floor":23},{"picked":"Iron Wave","not_picked":["Juggernaut","Flex+1"],"floor":25},{"picked":"Hemokinesis+1","not_picked":["Perfected Strike","Havoc+1"],"floor":27},{"picked":"Fiend Fire","not_picked":["Demon Form","Berserk"],"floor":33},{"picked":"SKIP","not_picked":["Warcry"],"floor":35},{"picked":"Carnage+1","not_picked":[],"floor":37},{"picked":"SKIP","not_picked":["Dark Embrace"],"floor":39},{"picked":"SKIP","not_picked":["Second Wind+1"],"floor":44},{"picked":"SKIP","not_picked":["Pommel Strike"],"floor":45},{"picked":"SKIP","not_picked":["Anger"],"floor":48}],"event_choices":[{"event_name":"Golden Idol","player_choice":"Lose Max HP","floor":3,"cards_obtained":null,"cards_removed":null,"cards_transformed":null,"cards_upgraded":null,"relics_obtained":["Golden Idol"],"potions_obtained":null,"relics_lost":null,"damage_taken":0,"damage_healed":0,"max_hp_loss":6,"max_hp_gain":0,"gold_gain":0,"gold_loss":0},{"event_name":"Shining Light","player_choice":"Entered Light","floor":5,"cards_obtained":null,"cards_removed":null,"cards_transformed":null,"cards_upgraded":["Combust","Rupture"],"relics_obtained":null,"potions_obtained":null,"relics_lost":null,"damage_taken":15,"damage_healed":0,"max_hp_loss":0,"max_hp_gain":0,"gold_gain":0,"gold_loss":0},{"event_name":"Scrap Ooze","player_choice":"Fled","floor":10,"cards_obtained":null,"cards_removed":null,"cards_transformed":null,"cards_upgraded":null,"relics_obtained":null,"potions_obtained":null,"relics_lost":null,"damage_taken":7,"damage_healed":0,"max_hp_loss":0,"max_hp_gain":0,"gold_gain":0,"gold_loss":0},{"event_name":"The Joust","player_choice":"Bet on Owner","floor":20,"cards_obtained":null,"cards_removed":null,"cards_transformed":null,"cards_upgraded":null,"relics_obtained":null,"potions_obtained":null,"relics_lost":null,"damage_taken":0,"damage_healed":0,"max_hp_loss":0,"max_hp_gain":0,"gold_gain":250,"gold_loss":50},{"event_name":"Addict","player_choice":"Stole Relic","floor":28,"cards_obtained":["Shame"],"cards_removed":null,"cards_transformed":null,"cards_upgraded":null,"relics_obtained":["Boot"],"potions_obtained":null,"relics_lost":null,"damage_taken":0,"damage_healed":0,"max_hp_loss":0,"max_hp_gain":0,"gold_gain":0,"gold_loss":0},{"event_name":"Beggar","player_choice":"Gave Gold","floor":30,"cards_obtained":null,"cards_removed":["Strike_R"],"cards_transformed":null,"cards_upgraded":null,"relics_obtained":null,"potions_obtained":null,"relics_lost":null,"damage_taken":0,"damage_healed":0,"max_hp_loss":0,"max_hp_gain":0,"gold_gain":0,"gold_loss":75},{"event_name":"Drug Dealer","player_choice":"Inject Mutagens","floor":31,"cards_obtained":null,"cards_removed":null,"cards_transformed":null,"cards_upgraded":null,"relics_obtained":["MutagenicStrength"],"potions_obtained":null,"relics_lost":null,"damage_taken":0,"damage_healed":0,"max_hp_loss":0,"max_hp_gain":0,"gold_gain":0,"gold_loss":0},{"event_name":"Designer","player_choice":"Upgraded Two","floor":46,"cards_obtained":null,"cards_removed":null,"cards_transformed":null,"cards_upgraded":["Dual Wield","Defend_R"],"relics_obtained":null,"potions_obtained":null,"relics_lost":null,"damage_taken":0,"damage_healed":0,"max_hp_loss":0,"max_hp_gain":0,"gold_gain":0,"gold_loss":40}],"boss_relics":[{"picked":"Astrolabe","not_picked":["Coffee Dripper","Runic Pyramid"]},{"picked":"Busted Crown","not_picked":["Pandora's Box","Snecko Eye"]}],"damage_taken":[{"floor":1,"enemies":"Cultist","damage":12,"turns":4},{"floor":4,"enemies":"2 Louse","damage":13,"turns":2},{"floor":7,"enemies":"3 Sentries","damage":40,"turns":6},{"floor":12,"enemies":"Gremlin Nob","damage":17,"turns":3},{"floor":14,"enemies":"3 Sentries","damage":23,"turns":4},{"floor":16,"enemies":"Slime Boss","damage":17,"turns":6},{"floor":18,"enemies":"Shell Parasite","damage":31,"turns":2},{"floor":21,"enemies":"Chosen","damage":24,"turns":2},{"floor":22,"enemies":"Centurion and Healer","damage":41,"turns":3},{"floor":23,"enemies":"Book of Stabbing","damage":46,"turns":4},{"floor":25,"enemies":"Gremlin Leader","damage":28,"turns":5},{"floor":27,"enemies":"Snake Plant","damage":23,"turns":4},{"floor":33,"enemies":"Collector","damage":41,"turns":5},{"floor":35,"enemies":"3 Shapes","damage":21,"turns":2},{"floor":37,"enemies":"Orb Walker","damage":6,"turns":1},{"floor":39,"enemies":"Jaw Worm Horde","damage":15,"turns":3},{"floor":44,"enemies":"Reptomancer","damage":21,"turns":2},{"floor":45,"enemies":"Sphere and 2 Shapes","damage":22,"turns":2},{"floor":48,"enemies":"Nemesis","damage":27,"turns":3},{"floor":50,"enemies":"Awakened One","damage":61,"turns":6}],"potions_obtained":[{"key":"PowerPotion","floor":4},{"key":"BlessingOfTheForge","floor":7},{"key":"FairyPotion","floor":18},{"key":"Energy Potion","floor":37},{"key":"EntropicBrew","floor":48}],"relics_obtained":[{"key":"Meat on the Bone","floor":7},{"key":"Bag of Preparation","floor":9},{"key":"Centennial Puzzle","floor":12},{"key":"Bottled Lightning","floor":14},{"key":"Art of War","floor":23},{"key":"Omamori","floor":25},{"key":"Tiny Chest","floor":26},{"key":"InkBottle","floor":41},{"key":"Anchor","floor":43},{"key":"Lantern","floor":44},{"key":"Strawberry","floor":48}],"campfire_choices":[{"floor":6,"key":"SMITH","data":"Bash"},{"floor":11,"key":"REST"},{"floor":13,"key":"REST"},{"floor":15,"key":"SMITH","data":"Offering"},{"floor":29,"key":"REST"},{"floor":32,"key":"SMITH","data":"Rupture"},{"floor":40,"key":"SMITH","data":"Chrysalis"},{"floor":42,"key":"SMITH","data":"Fiend Fire"},{"floor":47,"key":"SMITH","data":"Offering"},{"floor":49,"key":"REST"}],"circlet_count":0,"win_rate":0,"killed_by":null}