{"play_id":"fe1f09ad-0f99-4a0f-a2e0-07b1dc227585","build_version":"2020-01-27","seed_played":"5420226040791775654","chose_seed":false,"seed_source_timestamp":924095666212,"is_daily":false,"special_seed":null,"is_trial":false,"is_endless":false,"is_ascension_mode":true,"ascension_level":12,"neow_bonus":"THREE_ENEMY_KILL","neow_cost":"NONE","is_beta":false,"is_prod":false,"victory":false,"floor_reached":16,"score":269,"timestamp":1705464578,"local_time":"01/17/2024 04:09:38","playtime":826,"player_experience":498303,"master_deck":["AscendersBane","Strike_R","Strike_R","Strike_R","Strike_R","Defend_R","Defend_R","Defend_R","Defend_R","Bash","Twin Strike","Doubt","Fire Breathing+1","Offering+1","Reckless Charge","Berserk","Second Wind","Ghostly Armor","Battle Trance"],"relics":["Burning Blood","NeowsBlessing","Golden Idol","Bird Faced Urn","Bag of Marbles","Happy Flower","Self Forming Clay","Oddly Smooth Stone","Gremlin Horn"],"gold":319,"campfire_rested":0,"campfire_upgraded":2,"purchased_purges":0,"potions_floor_spawned":[4,6,12],"potions_floor_usage":[11,11,14],"current_hp_per_floor":[78,58,58,64,64,72,69,69,69,62,39,16,20,24,24,0],"max_hp_per_floor":[80,80,80,80,80,80,80,80,80,80,80,80,80,80,80,80],"gold_per_floor":[112,112,287,312,25,68,92,92,142,142,181,251,275,319,319,319],"path_per_floor":["M","?","?","M","$","E","M","R","T","?","E","?","M","E","R","B"],"path_taken":["M","?","?","M","$","E","?","R","T","?","E","?","M","E","R","BOSS"],"items_purchased":["Bird Faced Urn"],"item_purchase_floors":[5],"items_purged":[],"items_purged_floors":[],"character_chosen":"IRONCLAD","card_choices":[{"picked":"Twin Strike","not_picked":["Anger","Clash"],"floor":1},{"picked":"Fire Breathing","not_picked":["Sword Boomerang","Headbutt"],"floor":4},{"picked":"Offering","not_picked":["Cleave","Havoc"],"floor":6},{"picked":"Reckless Charge","not_picked":["Sword Boomerang","Perfected Strike"],"floor":7},{"picked":"Berserk","not_picked":["Inflame","Intimidate"],"floor":11},{"picked":"Second Wind","not_picked":["Body Slam","Perfected Strike"],"floor":12},{"picked":"Ghostly Armor","not_picked":["Power Through","Pummel"],"floor":13},{"picked":"Battle Trance","not_picked":["Clash","Power Through"],"floor":14}],"event_choices":[{"event_name":"Golden Idol","player_choice":"Take Damage","floor":2,"cards_obtained":null,"cards_removed":null,"cards_transformed":null,"cards_upgraded":null,"relics_obtained":["Golden Idol"],"potions_obtained":null,"relics_lost":null,"damage_taken":20,"damage_healed":0,"max_hp_loss":0,"max_hp_gain":0,"gold_gain":0,"gold_loss":0},{"event_name":"Liars Game","player_choice":"AGREE","floor":3,"cards_obtained":["Doubt"],"cards_removed":null,"cards_transformed":null,"cards_upgraded":null,"relics_obtained":null,"potions_obtained":null,"relics_lost":null,"damage_taken":0,"damage_healed":0,"max_hp_loss":0,"max_hp_gain":0,"gold_gain":175,"gold_loss":0},{"event_name":"Golden Wing","player_choice":"Card Removal","floor":10,"cards_obtained":null,"cards_removed":["Strike_R"],"cards_transformed":null,"cards_upgraded":null,"relics_obtained":null,"potions_obtained":null,"relics_lost":null,"damage_taken":7,"damage_healed":0,"max_hp_loss":0,"max_hp_gain":0,"gold_gain":0,"gold_loss":0},{"event_name":"Dead Adventurer","player_choice":"Searched '2' times","floor":12,"cards_obtained":null,"cards_removed":null,"cards_transformed":null,"cards_upgraded":null,"relics_obtained":null,"potions_obtained":null,"relics_lost":null,"damage_taken":0,"damage_healed":0,"max_hp_loss":0,"max_hp_gain":0,"gold_gain":0,"gold_loss":0}],"boss_relics":[],"damage_taken":[{"floor":1,"enemies":"2 Louse","damage":0,"turns":1},{"floor":4,"enemies":"Jaw Worm","damage":0,"turns":1},{"floor":6,"enemies":"3 Sentries","damage":0,"turns":2},{"floor":7,"enemies":"Small Slimes","damage":11,"turns":3},{"floor":11,"enemies":"Lagavulin","damage":31,"turns":6},{"floor":12,"enemies":"3 Sentries","damage":33,"turns":5},{"floor":13,"enemies":"3 Louse","damage":6,"turns":3},{"floor":14,"enemies":"Gremlin Nob","damage":6,"turns":3},{"floor":16,"enemies":"Hexaghost","damage":29,"turns":7}],"potions_obtained":[{"key":"Swift Potion","floor":4},{"key":"LiquidMemories","floor":6},{"key":"SpeedPotion","floor":12}],"relics_obtained":[{"key":"Bag of Marbles","floor":6},{"key":"Happy Flower","floor":9},{"key":"Self Forming Clay","floor":11},{"key":"Oddly Smooth Stone","floor":12},{"key":"Gremlin Horn","floor":14}],"campfire_choices":[{"floor":8,"key":"SMITH","data":"Offering"},{"floor":15,"key":"SMITH","data":"Fire Breathing"}],"circlet_count":0,"win_rate":0,"killed_by":"Hexaghost"}