{"play_id":"9a074272-9c73-46e7-8f33-d82d76ba0211","build_version":"2020-01-27","seed_played":"6431974501206134527","chose_seed":false,"seed_source_timestamp":0,"is_daily":false,"special_seed":0,"is_trial":false,"is_endless":false,"is_ascension_mode":true,"ascension_level":12,"neow_bonus":"ONE_RARE_RELIC","neow_cost":"TEN_PERCENT_HP_LOSS","is_beta":false,"is_prod":false,"victory":true,"floor_reached":51,"score":1215,"timestamp":1705676025,"local_time":"01/19/2024 14:53:45","playtime":2651,"player_experience":500391,"master_deck":["AscendersBane","Defend_R+1","Bash+1","Reckless Charge","Headbutt","Metallicize+1","Hemokinesis+1","Barricade+1","Blood for Blood","Body Slam+1","Feed","Rupture+1","Iron Wave","Shrug It Off","Bludgeon","Rupture+1","Feed+1","Body Slam+1","Shrug It Off+1","Rage+1","Writhe","True Grit","Power Through","Bloodletting","Offering"],"relics":["Burning Blood","Incense Burner","Golden Idol","Bronze Scales","Torii","Orichalcum","Coffee Dripper","Bag of Preparation","Vajra","Anchor","Regal Pillow","Darkstone Periapt","Astrolabe","White Beast Statue","PreservedInsect","Magic Flower","Lee's Waffle","Bag of Marbles"],"gold":96,"campfire_rested":1,"campfire_upgraded":7,"purchased_purges":2,"potions_floor_spawned":[2,10,11,13,19,23,31,33,35,37,39,41,44,46,47,48],"potions_floor_usage":[37,37,41,41,44,46,47,48,50],"current_hp_per_floor":[72,64,64,60,42,42,28,49,49,45,49,49,55,61,61,35,63,69,72,72,72,72,59,59,59,59,43,47,47,47,52,52,13,66,47,75,79,79,84,84,24,24,24,13,114,55,46,45,45,40],"max_hp_per_floor":[72,72,72,72,72,72,72,72,72,72,72,72,72,72,72,72,72,72,72,72,72,72,75,75,75,75,78,78,78,78,81,81,84,84,87,93,93,93,96,96,107,107,107,107,114,114,114,114,114,114],"gold_per_floor":[112,131,19,36,36,36,36,36,90,126,145,0,21,44,44,173,173,173,173,173,173,173,211,68,68,117,153,171,23,23,39,39,160,160,179,179,192,73,98,98,111,111,134,167,16,59,77,96,96,96],"path_per_floor":["M","M","$","M","?","R","?","R","T","E","M","$","M","M","R","B","ul","M","M","?","?","?","E","$","R","T","E","M","$","?","M","R","B",null,"M","?","M","?","M","R","M","R","T","E","$","E","M","M","R","B",null],"path_taken":["M","M","$","?","?","R","?","R","T","E","M","$","M","M","R","BOSS","M","M","?","?","?","E","$","R","T","E","M","?","?","M","R","BOSS","M","?","M","?","M","R","?","R","T","E","?","E","M","M","R","BOSS"],"items_purchased":["Metallicize","Orichalcum","Anchor","SpeedPotion","Lee's Waffle"],"item_purchase_floors":[3,12,24,29,45],"items_purged":["Strike_R","Strike_R"],"items_purged_floors":[3,29],"character_chosen":"IRONCLAD","card_choices":[{"picked":"Reckless Charge","not_picked":["Armaments","Sword Boomerang"],"floor":1},{"picked":"Headbutt","not_picked":["Warcry","Sword Boomerang"],"floor":2},{"picked":"Hemokinesis","not_picked":["Perfected Strike","Havoc"],"floor":4},{"picked":"SKIP","not_picked":["Iron Wave","Sentinel","Anger"],"floor":10},{"picked":"Barricade","not_picked":["Uppercut","Clothesline"],"floor":11},{"picked":"Blood for Blood","not_picked":["Intimidate","Sever Soul"],"floor":13},{"picked":"Body Slam","not_picked":["Armaments","Sever Soul"],"floor":14},{"picked":"Feed","not_picked":["Fiend Fire","Berserk"],"floor":16},{"picked":"Shrug It Off","not_picked":["Battle Trance","Anger"],"floor":23},{"picked":"Bludgeon","not_picked":["Shrug It Off+1","Iron Wave"],"floor":27},{"picked":"SKIP","not_picked":["Twin Strike","Armaments","Headbutt"],"floor":28},{"picked":"Rupture","not_picked":["Thunderclap","Ghostly Armor"],"floor":31},{"picked":"Feed","not_picked":["Bludgeon","Corruption"],"floor":33},{"picked":"SKIP","not_picked":["Iron Wave","Reckless Charge+1","Armaments+1"],"floor":35},{"picked":"SKIP","not_picked":["Warcry","Perfected Strike","Thunderclap"],"floor":37},{"picked":"True Grit","not_picked":["Pommel Strike","Iron Wave"],"floor":39},{"picked":"SKIP","not_picked":["Sever Soul","Twin Strike+1","Iron Wave"],"floor":41},{"picked":"Power Through","not_picked":["Infernal Blade+1","Body Slam"],"floor":44},{"picked":"Bloodletting","not_picked":["Feel No Pain+1","Pommel Strike"],"floor":46},{"picked":"Offering","not_picked":["Rupture","Havoc"],"floor":47},{"picked":"SKIP","not_picked":["Infernal Blade","Cleave+1","Pommel Strike"],"floor":48}],"event_choices":[{"event_name":"Golden Idol","player_choice":"Take Damage","floor":5,"cards_obtained":null,"cards_removed":null,"cards_transformed":null,"cards_upgraded":null,"relics_obtained":["Golden Idol"],"potions_obtained":null,"relics_lost":null,"damage_taken":18,"damage_healed":0,"max_hp_loss":0,"max_hp_gain":0,"gold_gain":0,"gold_loss":0},{"event_name":"Shining Light","player_choice":"Entered Light","floor":7,"cards_obtained":null,"cards_removed":null,"cards_transformed":null,"cards_upgraded":["Defend_R","Metallicize"],"relics_obtained":null,"potions_obtained":null,"relics_lost":null,"damage_taken":14,"damage_healed":0,"max_hp_loss":0,"max_hp_gain":0,"gold_gain":0,"gold_loss":0},{"event_name":"The Mausoleum","player_choice":"Opened","floor":20,"cards_obtained":null,"cards_removed":null,"cards_transformed":null,"cards_upgraded":null,"relics_obtained":["Bag of Preparation"],"potions_obtained":null,"relics_lost":null,"damage_taken":0,"damage_healed":0,"max_hp_loss":0,"max_hp_gain":0,"gold_gain":0,"gold_loss":0},{"event_name":"Drug Dealer","player_choice":"Became Test Subject","floor":21,"cards_obtained":["Rupture","Iron Wave"],"cards_removed":null,"cards_transformed":["Strike_R","Strike_R"],"cards_upgraded":null,"relics_obtained":null,"potions_obtained":null,"relics_lost":null,"damage_taken":0,"damage_healed":0,"max_hp_loss":0,"max_hp_gain":0,"gold_gain":0,"gold_loss":0},{"event_name":"Vampires","player_choice":"Ignored","floor":22,"cards_obtained":null,"cards_removed":null,"cards_transformed":null,"cards_upgraded":null,"relics_obtained":null,"potions_obtained":null,"relics_lost":null,"damage_taken":0,"damage_healed":0,"max_hp_loss":0,"max_hp_gain":0,"gold_gain":0,"gold_loss":0},{"event_name":"Purifier","player_choice":"Purged","floor":30,"cards_obtained":null,"cards_removed":["Strike_R"],"cards_transformed":null,"cards_upgraded":null,"relics_obtained":null,"potions_obtained":null,"relics_lost":null,"damage_taken":0,"damage_healed":0,"max_hp_loss":0,"max_hp_gain":0,"gold_gain":0,"gold_loss":0},{"event_name":"Winding Halls","player_choice":"Writhe","floor":36,"cards_obtained":["Writhe"],"cards_removed":null,"cards_transformed":null,"cards_upgraded":null,"relics_obtained":null,"potions_obtained":null,"relics_lost":null,"damage_taken":0,"damage_healed":22,"max_hp_loss":0,"max_hp_gain":0,"gold_gain":0,"gold_loss":0},{"event_name":"WeMeetAgain","player_choice":"Paid Gold","floor":38,"cards_obtained":null,"cards_removed":null,"cards_transformed":null,"cards_upgraded":null,"relics_obtained":["White Beast Statue"],"potions_obtained":null,"relics_lost":null,"damage_taken":0,"damage_healed":0,"max_hp_loss":0,"max_hp_gain":0,"gold_gain":0,"gold_loss":119}],"boss_relics":[{"picked":"Coffee Dripper","not_picked":["Philosopher's Stone","Runic Dome"]},{"picked":"Astrolabe","not_picked":["Fusion Hammer","Black Blood"]}],"damage_taken":[{"floor":1,"enemies":"Cultist","damage":6,"turns":3},{"floor":2,"enemies":"Jaw Worm","damage":14,"turns":3},{"floor":4,"enemies":"Small Slimes","damage":10,"turns":2},{"floor":10,"enemies":"Gremlin Nob","damage":24,"turns":5},{"floor":11,"enemies":"3 Louse","damage":2,"turns":3},{"floor":13,"enemies":"2 Fungi Beasts","damage":0,"turns":4},{"floor":14,"enemies":"Looter","damage":0,"turns":3},{"floor":16,"enemies":"The Guardian","damage":32,"turns":9},{"floor":18,"enemies":"3 Byrds","damage":0,"turns":2},{"floor":19,"enemies":"2 Thieves","damage":0,"turns":1},{"floor":23,"enemies":"Slavers","damage":22,"turns":7},{"floor":27,"enemies":"Book of Stabbing","damage":25,"turns":4},{"floor":28,"enemies":"Snake Plant","damage":2,"turns":4},{"floor":31,"enemies":"Chosen and Byrds","damage":4,"turns":6},{"floor":33,"enemies":"Champ","damage":48,"turns":11},{"floor":35,"enemies":"3 Darklings","damage":28,"turns":6},{"floor":37,"enemies":"Orb Walker","damage":2,"turns":2},{"floor":39,"enemies":"Sphere and 2 Shapes","damage":4,"turns":5},{"floor":41,"enemies":"4 Shapes","damage":77,"turns":3},{"floor":44,"enemies":"Giant Head","damage":17,"turns":7},{"floor":46,"enemies":"Reptomancer","damage":68,"turns":6},{"floor":47,"enemies":"Spire Growth","damage":18,"turns":4},{"floor":48,"enemies":"Writhing Mass","damage":10,"turns":4},{"floor":50,"enemies":"Time Eater","damage":14,"turns":11}],"potions_obtained":[{"key":"Regen Potion","floor":2},{"key":"AttackPotion","floor":10},{"key":"SmokeBomb","floor":11},{"key":"SmokeBomb","floor":13},{"key":"FearPotion","floor":23},{"key":"Explosive Potion","floor":33},{"key":"ColorlessPotion","floor":35},{"key":"PowerPotion","floor":37},{"key":"Fruit Juice","floor":39},{"key":"FearPotion","floor":41},{"key":"PowerPotion","floor":44},{"key":"Explosive Potion","floor":46},{"key":"AttackPotion","floor":47},{"key":"EssenceOfSteel","floor":48}],"relics_obtained":[{"key":"Bronze Scales","floor":9},{"key":"Torii","floor":10},{"key":"Vajra","floor":23},{"key":"Regal Pillow","floor":26},{"key":"Darkstone Periapt","floor":27},{"key":"PreservedInsect","floor":43},{"key":"Magic Flower","floor":44},{"key":"Bag of Marbles","floor":46}],"campfire_choices":[{"floor":6,"key":"SMITH","data":"Hemokinesis"},{"floor":8,"key":"REST"},{"floor":15,"key":"SMITH","data":"Barricade"},{"floor":25,"key":"SMITH","data":"Bash"},{"floor":32,"key":"SMITH","data":"Rupture"},{"floor":40,"key":"SMITH","data":"Body Slam"},{"floor":42,"key":"SMITH","data":"Feed"},{"floor":49,"key":"SMITH","data":"Rupture"}],"circlet_count":0,"win_rate":0,"killed_by":null}