{"play_id":"7dab504e-56b6-4ddc-8a3d-1228149ec1a0","build_version":"2020-01-27","seed_played":"3301142650793590607","chose_seed":false,"seed_source_timestamp":0,"is_daily":false,"special_seed":0,"is_trial":false,"is_endless":false,"is_ascension_mode":true,"ascension_level":12,"neow_bonus":"ONE_RARE_RELIC","neow_cost":"TEN_PERCENT_HP_LOSS","is_beta":false,"is_prod":false,"victory":false,"floor_reached":24,"score":330,"timestamp":1705251935,"local_time":"01/14/2024 17:05:35","playtime":1255,"player_experience":493231,"master_deck":["AscendersBane","Strike_R","Strike_R","Strike_R","Strike_R","Defend_R","Defend_R","Defend_R","Bash+1","Reckless Charge","Demon Form+1","PanicButton+1","Metallicize","Second Wind","Flame Barrier","Feel No Pain","Berserk+1","Flex","Entrench+1","Uppercut","Dropkick"],"relics":["Burning Blood","Calipers","Toy Ornithopter","Omamori","Du-Vu Doll","Blood Vial","Tiny House"],"gold":627,"campfire_rested":0,"campfire_upgraded":4,"purchased_purges":1,"potions_floor_spawned":[1,4,13,18,21],"potions_floor_usage":[24],"current_hp_per_floor":[72,72,72,72,72,72,50,50,50,50,50,56,55,55,55,30,67,62,61,61,53,53,53,0],"max_hp_per_floor":[72,72,72,72,72,72,72,72,72,72,72,72,72,72,72,72,77,77,77,77,77,77,77,77],"gold_per_floor":[117,117,133,153,153,153,181,34,57,84,84,94,111,159,159,260,310,329,342,617,627,627,627,627],"path_per_floor":["M","?","M","M","?","R","E","$","T","E","R","M","M","T","R","B","ul","M","M","?","M","?","R","E"],"path_taken":["M","?","?","M","?","R","E","?","T","E","R","M","M","?","R","BOSS","M","M","?","?","?","R","E"],"items_purchased":["DistilledChaos"],"item_purchase_floors":[8],"items_purged":["Defend_R"],"items_purged_floors":[8],"character_chosen":"IRONCLAD","card_choices":[{"picked":"Reckless Charge","not_picked":["Seeing Red","Perfected Strike"],"floor":1},{"picked":"Metallicize","not_picked":["Headbutt","Twin Strike"],"floor":3},{"picked":"Second Wind","not_picked":["Sword Boomerang","Sentinel"],"floor":4},{"picked":"Flame Barrier","not_picked":["Rage","Shrug It Off"],"floor":7},{"picked":"SKIP","not_picked":["Shrug It Off","Headbutt","Whirlwind"],"floor":10},{"picked":"SKIP","not_picked":["Rampage","Perfected Strike","True Grit"],"floor":12},{"picked":"Feel No Pain","not_picked":["Corruption","Inflame"],"floor":13},{"picked":"Berserk","not_picked":["Double Tap","Exhume"],"floor":16},{"picked":"Flex","not_picked":["Twin Strike","Perfected Strike"],"floor":17},{"picked":"Entrench","not_picked":["Anger","Burning Pact+1"],"floor":18},{"picked":"Uppercut","not_picked":["Sword Boomerang","Clothesline"],"floor":19},{"picked":"SKIP","not_picked":["Anger","Sword Boomerang","Flex"],"floor":21}],"event_choices":[{"event_name":"Match and Keep!","player_choice":"2 cards matched","floor":2,"cards_obtained":["Demon Form","PanicButton"],"cards_removed":null,"cards_transformed":null,"cards_upgraded":null,"relics_obtained":null,"potions_obtained":null,"relics_lost":null,"damage_taken":0,"damage_healed":0,"max_hp_loss":0,"max_hp_gain":0,"gold_gain":0,"gold_loss":0},{"event_name":"The Woman in Blue","player_choice":"Bought 0 Potions","floor":5,"cards_obtained":null,"cards_removed":null,"cards_transformed":null,"cards_upgraded":null,"relics_obtained":null,"potions_obtained":null,"relics_lost":null,"damage_taken":0,"damage_healed":0,"max_hp_loss":0,"max_hp_gain":0,"gold_gain":0,"gold_loss":0},{"event_name":"Golden Shrine","player_choice":"Desecrate","floor":20,"cards_obtained":["Regret"],"cards_removed":null,"cards_transformed":null,"cards_upgraded":null,"relics_obtained":null,"potions_obtained":null,"relics_lost":null,"damage_taken":0,"damage_healed":0,"max_hp_loss":0,"max_hp_gain":0,"gold_gain":275,"gold_loss":0},{"event_name":"Transmorgrifier","player_choice":"Transformed","floor":22,"cards_obtained":["Dropkick"],"cards_removed":null,"cards_transformed":["Strike_R"],"cards_upgraded":null,"relics_obtained":null,"potions_obtained":null,"relics_lost":null,"damage_taken":0,"damage_healed":0,"max_hp_loss":0,"max_hp_gain":0,"gold_gain":0,"gold_loss":0}],"boss_relics":[{"picked":"Tiny House","not_picked":["SlaversCollar","Fusion Hammer"]}],"damage_taken":[{"floor":1,"enemies":"2 Louse","damage":6,"turns":3},{"floor":3,"enemies":"Cultist","damage":6,"turns":4},{"floor":4,"enemies":"Small Slimes","damage":0,"turns":4},{"floor":7,"enemies":"3 Sentries","damage":28,"turns":9},{"floor":10,"enemies":"Gremlin Nob","damage":16,"turns":4},{"floor":12,"enemies":"Exordium Wildlife","damage":0,"turns":4},{"floor":13,"enemies":"3 Louse","damage":7,"turns":3},{"floor":16,"enemies":"Hexaghost","damage":33,"turns":9},{"floor":18,"enemies":"2 Thieves","damage":18,"turns":5},{"floor":19,"enemies":"Shell Parasite","damage":14,"turns":7},{"floor":21,"enemies":"Cultist and Chosen","damage":21,"turns":8},{"floor":24,"enemies":"Gremlin Leader","damage":62,"turns":4}],"potions_obtained":[{"key":"PowerPotion","floor":1},{"key":"SneckoOil","floor":4},{"key":"Energy Potion","floor":13},{"key":"DistilledChaos","floor":17},{"key":"Explosive Potion","floor":18},{"key":"AttackPotion","floor":21}],"relics_obtained":[{"key":"Toy Ornithopter","floor":7},{"key":"Omamori","floor":9},{"key":"Du-Vu Doll","floor":10},{"key":"Blood Vial","floor":14}],"campfire_choices":[{"floor":6,"key":"SMITH","data":"PanicButton"},{"floor":11,"key":"SMITH","data":"Bash"},{"floor":15,"key":"SMITH","data":"Demon Form"},{"floor":23,"key":"SMITH","data":"Entrench"}],"circlet_count":0,"win_rate":0,"killed_by":"Gremlin Leader"}