{"play_id":"ef3bf0b7-72ef-4704-b4ba-902af2c3e89a","build_version":"2020-01-27","seed_played":"7495800106050324442","chose_seed":false,"seed_source_timestamp":510890392636,"is_daily":false,"special_seed":null,"is_trial":false,"is_endless":false,"is_ascension_mode":true,"ascension_level":12,"neow_bonus":"TEN_PERCENT_HP_BONUS","neow_cost":"NONE","is_beta":false,"is_prod":false,"victory":false,"floor_reached":10,"score":112,"timestamp":1705287504,"local_time":"01/15/2024 02:58:24","playtime":510,"player_experience":497036,"master_deck":["AscendersBane","Strike_R","Strike_R","Strike_R","Strike_R","Defend_R","Defend_R","Defend_R","Defend_R","Bash","Cleave","Flame Barrier","Iron Wave","Reaper+1","Shrug It Off+1","Metallicize"],"relics":["Burning Blood","Toxic Egg 2","White Beast Statue"],"gold":139,"campfire_rested":0,"campfire_upgraded":1,"purchased_purges":1,"potions_floor_spawned":[4,5,6,8],"potions_floor_usage":[6,8,10,10],"current_hp_per_floor":[63,63,65,55,48,50,50,33,33,0],"max_hp_per_floor":[88,88,88,88,88,88,88,88,88,88],"gold_per_floor":[115,40,59,76,86,119,119,139,139,139],"path_per_floor":["M","$","M","M","M","E","R","M","T","E"],"path_taken":["M","$","M","M","M","E","R","M","T","E"],"items_purchased":[],"item_purchase_floors":[],"items_purged":["Strike_R"],"items_purged_floors":[2],"character_chosen":"IRONCLAD","card_choices":[{"picked":"Cleave","not_picked":["Pommel Strike","True Grit"],"floor":1},{"picked":"Flame Barrier","not_picked":["Clothesline","True Grit"],"floor":3},{"picked":"Iron Wave","not_picked":["Clash","Entrench"],"floor":4},{"picked":"Reaper","not_picked":["Perfected Strike","Thunderclap"],"floor":5},{"picked":"Shrug It Off+1","not_picked":["Blood for Blood","Power Through+1"],"floor":6},{"picked":"Metallicize","not_picked":["Searing Blow","Thunderclap"],"floor":8}],"event_choices":[],"boss_relics":[],"damage_taken":[{"floor":1,"enemies":"Small Slimes","damage":23,"turns":5},{"floor":3,"enemies":"2 Louse","damage":4,"turns":2},{"floor":4,"enemies":"Cultist","damage":16,"turns":4},{"floor":5,"enemies":"Exordium Thugs","damage":13,"turns":6},{"floor":6,"enemies":"3 Sentries","damage":16,"turns":8},{"floor":8,"enemies":"Large Slime","damage":28,"turns":8},{"floor":10,"enemies":"Lagavulin","damage":37,"turns":8}],"potions_obtained":[{"key":"HeartOfIron","floor":4},{"key":"BlessingOfTheForge","floor":5},{"key":"GamblersBrew","floor":6},{"key":"DistilledChaos","floor":8}],"relics_obtained":[{"key":"Toxic Egg 2","floor":6},{"key":"White Beast Statue","floor":9}],"campfire_choices":[{"floor":7,"key":"SMITH","data":"Reaper"}],"circlet_count":0,"win_rate":0,"killed_by":"Lagavulin"}