{"play_id":"0a2a1d28-ef4b-46b7-a42a-be1dc9334841","build_version":"2020-01-27","seed_played":"2350740232525404512","chose_seed":false,"seed_source_timestamp":0,"is_daily":false,"special_seed":0,"is_trial":false,"is_endless":false,"is_ascension_mode":true,"ascension_level":12,"neow_bonus":"THREE_ENEMY_KILL","neow_cost":"NONE","is_beta":false,"is_prod":false,"victory":false,"floor_reached":25,"score":352,"timestamp":1705600058,"local_time":"01/18/2024 17:47:38","playtime":532,"player_experience":499859,"master_deck":["AscendersBane","Strike_R","Strike_R+1","Strike_R+1","Strike_R","Strike_R","Defend_R+1","Defend_R+1","Bash+1","Metallicize+1","Anger","Carnage+1","Flame Barrier","Regret","Clothesline","Impervious","CurseOfTheBell","Pommel Strike+1","Fire Breathing","Clothesline+1","Dropkick","Writhe"],"relics":["Burning Blood","NeowsBlessing","Toy Ornithopter","Art of War","Juzu Bracelet","MealTicket","Calling Bell","Pen Nib","Eternal Feather","Dead Branch","Dream Catcher","War Paint"],"gold":76,"campfire_rested":0,"campfire_upgraded":3,"purchased_purges":1,"potions_floor_spawned":[1],"potions_floor_usage":[],"current_hp_per_floor":[78,78,62,80,80,80,80,80,80,80,80,80,80,80,80,12,63,48,63,41,41,41,53,53,0],"max_hp_per_floor":[80,80,80,80,80,80,80,80,80,80,80,80,80,80,80,80,80,80,80,80,80,80,80,80,80],"gold_per_floor":[117,42,42,7,7,39,51,51,78,4,4,4,16,16,16,114,114,133,59,76,76,76,76,76,76],"path_per_floor":["M","$","?","?","T","E","M","R","T","$","?","?","M","$","R","B","ul","M","$","M","?","?","R","T","E"],"path_taken":["M","$","?","?","?","E","M","R","T","$","?","?","M","?","R","BOSS","M","$","M","?","?","R","?","E"],"items_purchased":["Flame Barrier","Fire Breathing"],"item_purchase_floors":[10,19],"items_purged":["Defend_R"],"items_purged_floors":[2],"character_chosen":"IRONCLAD","card_choices":[{"picked":"Metallicize","not_picked":["Warcry","Cleave"],"floor":1},{"picked":"Anger","not_picked":["Reckless Charge","Warcry"],"floor":6},{"picked":"Carnage","not_picked":["Thunderclap","Clash"],"floor":7},{"picked":"Clothesline","not_picked":["Warcry","True Grit"],"floor":13},{"picked":"Impervious","not_picked":["Double Tap","Brutality"],"floor":16},{"picked":"Pommel Strike+1","not_picked":["Havoc","Cleave"],"floor":18},{"picked":"Clothesline+1","not_picked":["True Grit","Clash"],"floor":20}],"event_choices":[{"event_name":"Shining Light","player_choice":"Entered Light","floor":3,"cards_obtained":null,"cards_removed":null,"cards_transformed":null,"cards_upgraded":["Strike_R","Strike_R"],"relics_obtained":null,"potions_obtained":null,"relics_lost":null,"damage_taken":16,"damage_healed":0,"max_hp_loss":0,"max_hp_gain":0,"gold_gain":0,"gold_loss":0},{"event_name":"The Cleric","player_choice":"Healed","floor":4,"cards_obtained":null,"cards_removed":null,"cards_transformed":null,"cards_upgraded":null,"relics_obtained":null,"potions_obtained":null,"relics_lost":null,"damage_taken":0,"damage_healed":20,"max_hp_loss":0,"max_hp_gain":0,"gold_gain":0,"gold_loss":35},{"event_name":"Bonfire Elementals","player_choice":"Offered Basic","floor":11,"cards_obtained":null,"cards_removed":["Defend_R"],"cards_transformed":null,"cards_upgraded":null,"relics_obtained":null,"potions_obtained":null,"relics_lost":null,"damage_taken":0,"damage_healed":0,"max_hp_loss":0,"max_hp_gain":0,"gold_gain":0,"gold_loss":0},{"event_name":"Big Fish","player_choice":"Box","floor":12,"cards_obtained":["Regret"],"cards_removed":null,"cards_transformed":null,"cards_upgraded":null,"relics_obtained":["MealTicket"],"potions_obtained":null,"relics_lost":null,"damage_taken":0,"damage_healed":0,"max_hp_loss":0,"max_hp_gain":0,"gold_gain":0,"gold_loss":0},{"event_name":"The Library","player_choice":"Read","floor":21,"cards_obtained":["Dropkick"],"cards_removed":null,"cards_transformed":null,"cards_upgraded":null,"relics_obtained":null,"potions_obtained":null,"relics_lost":null,"damage_taken":0,"damage_healed":0,"max_hp_loss":0,"max_hp_gain":0,"gold_gain":0,"gold_loss":0},{"event_name":"The Mausoleum","player_choice":"Opened","floor":22,"cards_obtained":["Writhe"],"cards_removed":null,"cards_transformed":null,"cards_upgraded":null,"relics_obtained":["Dream Catcher"],"potions_obtained":null,"relics_lost":null,"damage_taken":0,"damage_healed":0,"max_hp_loss":0,"max_hp_gain":0,"gold_gain":0,"gold_loss":0}],"boss_relics":[{"picked":"Calling Bell","not_picked":["Black Blood","Tiny House"]}],"damage_taken":[{"floor":1,"enemies":"Jaw Worm","damage":0,"turns":1},{"floor":6,"enemies":"Gremlin Nob","damage":0,"turns":1},{"floor":7,"enemies":"2 Louse","damage":0,"turns":1},{"floor":13,"enemies":"Cultist","damage":6,"turns":3},{"floor":16,"enemies":"The Guardian","damage":74,"turns":12},{"floor":18,"enemies":"Chosen","damage":21,"turns":5},{"floor":20,"enemies":"Shell Parasite","damage":33,"turns":3},{"floor":25,"enemies":"Gremlin Leader","damage":65,"turns":6}],"potions_obtained":[{"key":"Fire Potion","floor":1}],"relics_obtained":[{"key":"Toy Ornithopter","floor":5},{"key":"Art of War","floor":6},{"key":"Juzu Bracelet","floor":9},{"key":"Pen Nib","floor":17},{"key":"Eternal Feather","floor":17},{"key":"Dead Branch","floor":17},{"key":"War Paint","floor":24}],"campfire_choices":[{"floor":8,"key":"SMITH","data":"Carnage"},{"floor":15,"key":"SMITH","data":"Bash"},{"floor":23,"key":"SMITH","data":"Metallicize"}],"circlet_count":0,"win_rate":0,"killed_by":"Gremlin Leader"}