{"play_id":"6ebb8194-1528-4af5-9f55-2ea16a9178b5","build_version":"2020-01-27","seed_played":"5027850216454359250","chose_seed":false,"seed_source_timestamp":0,"is_daily":false,"special_seed":0,"is_trial":false,"is_endless":false,"is_ascension_mode":true,"ascension_level":12,"neow_bonus":"TEN_PERCENT_HP_BONUS","neow_cost":"NONE","is_beta":false,"is_prod":false,"victory":false,"floor_reached":16,"score":176,"timestamp":1705374823,"local_time":"01/16/2024 03:13:43","playtime":757,"player_experience":497546,"master_deck":["AscendersBane","Strike_R","Strike_R","Strike_R","Defend_R","Defend_R","Defend_R","Bash","Disarm","Carnage","Armaments+1","Flame Barrier+1","Uppercut","Blood for Blood","Blood for Blood"],"relics":["Burning Blood","Blood Vial","Smiling Mask","Dream Catcher","StrikeDummy"],"gold":125,"campfire_rested":1,"campfire_upgraded":2,"purchased_purges":1,"potions_floor_spawned":[1,4,8],"potions_floor_usage":[14],"current_hp_per_floor":[82,82,77,76,76,67,67,48,48,48,48,35,23,8,34,0],"max_hp_per_floor":[88,88,88,88,88,88,88,88,88,88,88,88,88,88,88,88],"gold_per_floor":[112,62,81,101,101,129,129,157,182,95,95,106,106,125,125,125],"path_per_floor":["M","?","M","M","?","E","R","E","T","$","R","M","?","M","R","B"],"path_taken":["M","?","M","M","?","E","R","E","T","$","R","?","?","M","R","BOSS"],"items_purchased":["Uppercut"],"item_purchase_floors":[10],"items_purged":["Strike_R"],"items_purged_floors":[10],"character_chosen":"IRONCLAD","card_choices":[{"picked":"Disarm","not_picked":["Uppercut","Perfected Strike"],"floor":1},{"picked":"Carnage","not_picked":["Rage","Flex"],"floor":3},{"picked":"Armaments","not_picked":["Sword Boomerang","Iron Wave"],"floor":4},{"picked":"Flame Barrier","not_picked":["Berserk","True Grit"],"floor":6},{"picked":"SKIP","not_picked":["Blood for Blood","Flex","Iron Wave"],"floor":8},{"picked":"SKIP","not_picked":["Anger","Power Through","Warcry"],"floor":12},{"picked":"Blood for Blood","not_picked":["Iron Wave","Twin Strike"],"floor":14},{"picked":"Blood for Blood","not_picked":["Anger","Bloodletting"],"floor":15}],"event_choices":[{"event_name":"The Cleric","player_choice":"Card Removal","floor":2,"cards_obtained":null,"cards_removed":["Defend_R"],"cards_transformed":null,"cards_upgraded":null,"relics_obtained":null,"potions_obtained":null,"relics_lost":null,"damage_taken":0,"damage_healed":0,"max_hp_loss":0,"max_hp_gain":0,"gold_gain":0,"gold_loss":50},{"event_name":"Bonfire Elementals","player_choice":"Offered Basic","floor":5,"cards_obtained":null,"cards_removed":["Strike_R"],"cards_transformed":null,"cards_upgraded":null,"relics_obtained":null,"potions_obtained":null,"relics_lost":null,"damage_taken":0,"damage_healed":0,"max_hp_loss":0,"max_hp_gain":0,"gold_gain":0,"gold_loss":0},{"event_name":"Scrap Ooze","player_choice":"Success","floor":13,"cards_obtained":null,"cards_removed":null,"cards_transformed":null,"cards_upgraded":null,"relics_obtained":["StrikeDummy"],"potions_obtained":null,"relics_lost":null,"damage_taken":12,"damage_healed":0,"max_hp_loss":0,"max_hp_gain":0,"gold_gain":0,"gold_loss":0}],"boss_relics":[],"damage_taken":[{"floor":1,"enemies":"2 Louse","damage":4,"turns":3},{"floor":3,"enemies":"Cultist","damage":11,"turns":4},{"floor":4,"enemies":"Jaw Worm","damage":7,"turns":3},{"floor":6,"enemies":"3 Sentries","damage":15,"turns":6},{"floor":8,"enemies":"Gremlin Nob","damage":27,"turns":4},{"floor":12,"enemies":"Exordium Thugs","damage":21,"turns":5},{"floor":14,"enemies":"Large Slime","damage":23,"turns":6},{"floor":16,"enemies":"Slime Boss","damage":42,"turns":7}],"potions_obtained":[{"key":"DistilledChaos","floor":1},{"key":"Block Potion","floor":4},{"key":"Weak Potion","floor":8}],"relics_obtained":[{"key":"Blood Vial","floor":6},{"key":"Smiling Mask","floor":8},{"key":"Dream Catcher","floor":9}],"campfire_choices":[{"floor":7,"key":"SMITH","data":"Armaments"},{"floor":11,"key":"SMITH","data":"Flame Barrier"},{"floor":15,"key":"REST"}],"circlet_count":0,"win_rate":0,"killed_by":"Slime Boss"}