{"play_id":"a8b8260b-0da8-4cba-8528-27ab12de3297","build_version":"2020-01-27","seed_played":"3738354965984078186","chose_seed":false,"seed_source_timestamp":508526297170,"is_daily":false,"special_seed":null,"is_trial":false,"is_endless":false,"is_ascension_mode":true,"ascension_level":12,"neow_bonus":"BOSS_RELIC","neow_cost":"NONE","is_beta":false,"is_prod":false,"victory":false,"floor_reached":10,"score":102,"timestamp":1705286975,"local_time":"01/15/2024 02:49:35","playtime":217,"player_experience":496819,"master_deck":["AscendersBane","Strike_R","Strike_R+1","Strike_R","Defend_R","Defend_R","Defend_R","Defend_R","Bash+1","Rampage+1","Fire Breathing+1","Inflame"],"relics":["Tiny House","Oddly Smooth Stone","Ancient Tea Set"],"gold":318,"campfire_rested":0,"campfire_upgraded":1,"purchased_purges":0,"potions_floor_spawned":[1,7],"potions_floor_usage":[10],"current_hp_per_floor":[77,70,70,59,42,42,31,7,7,0],"max_hp_per_floor":[85,85,85,85,85,85,85,85,85,85],"gold_per_floor":[167,167,167,242,242,242,258,293,318,318],"path_per_floor":["M","?","?","?","?","R","M","E","T","E"],"path_taken":["M","?","?","?","?","R","M","E","T","E"],"items_purchased":[],"item_purchase_floors":[],"items_purged":[],"items_purged_floors":[],"character_chosen":"IRONCLAD","card_choices":[{"picked":"Rampage","not_picked":["Inflame","Reckless Charge"],"floor":0},{"picked":"Fire Breathing","not_picked":["Thunderclap","Twin Strike"],"floor":1},{"picked":"Inflame","not_picked":["Flex","Iron Wave"],"floor":7},{"picked":"SKIP","not_picked":["Rampage","Perfected Strike","Infernal Blade"],"floor":8}],"event_choices":[{"event_name":"Golden Wing","player_choice":"Card Removal","floor":2,"cards_obtained":null,"cards_removed":["Strike_R"],"cards_transformed":null,"cards_upgraded":null,"relics_obtained":null,"potions_obtained":null,"relics_lost":null,"damage_taken":7,"damage_healed":0,"max_hp_loss":0,"max_hp_gain":0,"gold_gain":0,"gold_loss":0},{"event_name":"Living Wall","player_choice":"Forget","floor":3,"cards_obtained":null,"cards_removed":["Strike_R"],"cards_transformed":null,"cards_upgraded":null,"relics_obtained":null,"potions_obtained":null,"relics_lost":null,"damage_taken":0,"damage_healed":0,"max_hp_loss":0,"max_hp_gain":0,"gold_gain":0,"gold_loss":0},{"event_name":"World of Goop","player_choice":"Gather Gold","floor":4,"cards_obtained":null,"cards_removed":null,"cards_transformed":null,"cards_upgraded":null,"relics_obtained":null,"potions_obtained":null,"relics_lost":null,"damage_taken":11,"damage_healed":0,"max_hp_loss":0,"max_hp_gain":0,"gold_gain":75,"gold_loss":0},{"event_name":"Shining Light","player_choice":"Entered Light","floor":5,"cards_obtained":null,"cards_removed":null,"cards_transformed":null,"cards_upgraded":["Fire Breathing","Strike_R"],"relics_obtained":null,"potions_obtained":null,"relics_lost":null,"damage_taken":17,"damage_healed":0,"max_hp_loss":0,"max_hp_gain":0,"gold_gain":0,"gold_loss":0}],"boss_relics":[],"damage_taken":[{"floor":1,"enemies":"Small Slimes","damage":0,"turns":3},{"floor":7,"enemies":"2 Louse","damage":11,"turns":3},{"floor":8,"enemies":"Gremlin Nob","damage":24,"turns":4},{"floor":10,"enemies":"Lagavulin","damage":11,"turns":3}],"potions_obtained":[{"key":"LiquidBronze","floor":0},{"key":"ColorlessPotion","floor":1}],"relics_obtained":[{"key":"Oddly Smooth Stone","floor":8},{"key":"Ancient Tea Set","floor":9}],"campfire_choices":[{"floor":6,"key":"SMITH","data":"Rampage"}],"circlet_count":0,"win_rate":0,"killed_by":"Lagavulin"}