{"play_id":"9cc6f6ef-0cf7-40cb-9f9a-493fdc82d7db","build_version":"2020-01-27","seed_played":"-4811448579408908003","chose_seed":false,"seed_source_timestamp":411375503768,"is_daily":false,"special_seed":null,"is_trial":false,"is_endless":false,"is_ascension_mode":true,"ascension_level":12,"neow_bonus":"ONE_RANDOM_RARE_CARD","neow_cost":"NONE","is_beta":false,"is_prod":false,"victory":false,"floor_reached":22,"score":310,"timestamp":1705265986,"local_time":"01/14/2024 20:59:46","playtime":1014,"player_experience":494486,"master_deck":["AscendersBane","Strike_R+1","Strike_R+1","Strike_R+1","Defend_R+1","Defend_R+1","Defend_R+1","Defend_R+1","Bash","Corruption","Blood for Blood+1","Flame Barrier","Armaments+1","Shockwave+1","Exhume","Intimidate"],"relics":["Burning Blood","Bag of Preparation","War Paint","Mango","Empty Cage"],"gold":502,"campfire_rested":0,"campfire_upgraded":3,"purchased_purges":0,"potions_floor_spawned":[1,8,10,18],"potions_floor_usage":[8,14,16,22],"current_hp_per_floor":[71,80,80,79,80,57,57,63,63,68,68,49,49,54,54,36,80,70,70,76,76,0],"max_hp_per_floor":[80,80,80,80,80,80,80,80,80,80,80,94,94,94,94,94,94,94,94,94,94,94],"gold_per_floor":[113,113,93,103,115,142,142,142,165,185,360,360,360,377,377,482,482,492,492,502,502,502],"path_per_floor":["M","?","?","M","M","E","R","E","T","M","?","?","R","M","R","B",null,"M","?","M","?","M"],"path_taken":["M","?","?","M","?","E","R","E","T","M","?","?","R","M","R","BOSS","M","?","M","?","?"],"items_purchased":[],"item_purchase_floors":[],"items_purged":[],"items_purged_floors":[],"character_chosen":"IRONCLAD","card_choices":[{"picked":"Blood for Blood","not_picked":["Pummel","Infernal Blade"],"floor":1},{"picked":"Flame Barrier","not_picked":["Twin Strike","Fire Breathing"],"floor":4},{"picked":"SKIP","not_picked":["Infernal Blade","Pommel Strike","Sever Soul"],"floor":5},{"picked":"Armaments","not_picked":["Pommel Strike","Sword Boomerang"],"floor":6},{"picked":"SKIP","not_picked":["Cleave","Flex","Twin Strike"],"floor":10},{"picked":"Shockwave","not_picked":["Cleave","Sentinel"],"floor":14},{"picked":"Exhume","not_picked":["Fiend Fire","Corruption"],"floor":16},{"picked":"SKIP","not_picked":["Clothesline","Body Slam+1","Clash+1"],"floor":18},{"picked":"Intimidate","not_picked":["Clothesline","Thunderclap"],"floor":20}],"event_choices":[{"event_name":"Big Fish","player_choice":"Banana","floor":2,"cards_obtained":null,"cards_removed":null,"cards_transformed":null,"cards_upgraded":null,"relics_obtained":null,"potions_obtained":null,"relics_lost":null,"damage_taken":0,"damage_healed":26,"max_hp_loss":0,"max_hp_gain":0,"gold_gain":0,"gold_loss":0},{"event_name":"The Woman in Blue","player_choice":"Bought 1 Potion","floor":3,"cards_obtained":null,"cards_removed":null,"cards_transformed":null,"cards_upgraded":null,"relics_obtained":null,"potions_obtained":null,"relics_lost":null,"damage_taken":0,"damage_healed":0,"max_hp_loss":0,"max_hp_gain":0,"gold_gain":0,"gold_loss":0},{"event_name":"Liars Game","player_choice":"AGREE","floor":11,"cards_obtained":["Doubt"],"cards_removed":null,"cards_transformed":null,"cards_upgraded":null,"relics_obtained":null,"potions_obtained":null,"relics_lost":null,"damage_taken":0,"damage_healed":0,"max_hp_loss":0,"max_hp_gain":0,"gold_gain":175,"gold_loss":0},{"event_name":"Scrap Ooze","player_choice":"Success","floor":12,"cards_obtained":null,"cards_removed":null,"cards_transformed":null,"cards_upgraded":null,"relics_obtained":["Mango"],"potions_obtained":null,"relics_lost":null,"damage_taken":33,"damage_healed":0,"max_hp_loss":0,"max_hp_gain":0,"gold_gain":0,"gold_loss":0},{"event_name":"Back to Basics","player_choice":"Simplicity","floor":19,"cards_obtained":null,"cards_removed":null,"cards_transformed":null,"cards_upgraded":["Strike_R","Strike_R","Strike_R","Strike_R","Defend_R","Defend_R"],"relics_obtained":null,"potions_obtained":null,"relics_lost":null,"damage_taken":0,"damage_healed":0,"max_hp_loss":0,"max_hp_gain":0,"gold_gain":0,"gold_loss":0},{"event_name":"Purifier","player_choice":"Purged","floor":21,"cards_obtained":null,"cards_removed":["Strike_R"],"cards_transformed":null,"cards_upgraded":null,"relics_obtained":null,"potions_obtained":null,"relics_lost":null,"damage_taken":0,"damage_healed":0,"max_hp_loss":0,"max_hp_gain":0,"gold_gain":0,"gold_loss":0}],"boss_relics":[{"picked":"Empty Cage","not_picked":["Runic Dome","Busted Crown"]}],"damage_taken":[{"floor":1,"enemies":"Small Slimes","damage":7,"turns":4},{"floor":4,"enemies":"Jaw Worm","damage":7,"turns":3},{"floor":5,"enemies":"Cultist","damage":5,"turns":4},{"floor":6,"enemies":"Lagavulin","damage":29,"turns":8},{"floor":8,"enemies":"Gremlin Nob","damage":0,"turns":1},{"floor":10,"enemies":"Blue Slaver","damage":1,"turns":4},{"floor":14,"enemies":"2 Fungi Beasts","damage":1,"turns":4},{"floor":16,"enemies":"The Guardian","damage":24,"turns":13},{"floor":18,"enemies":"Spheric Guardian","damage":16,"turns":5},{"floor":20,"enemies":"Chosen","damage":0,"turns":6},{"floor":22,"enemies":"3 Cultists","damage":76,"turns":6}],"potions_obtained":[{"key":"Explosive Potion","floor":1},{"key":"SmokeBomb","floor":3},{"key":"AttackPotion","floor":10},{"key":"Block Potion","floor":18}],"relics_obtained":[{"key":"Bag of Preparation","floor":6},{"key":"War Paint","floor":9}],"campfire_choices":[{"floor":7,"key":"SMITH","data":"Armaments"},{"floor":13,"key":"SMITH","data":"Blood for Blood"},{"floor":15,"key":"SMITH","data":"Shockwave"}],"circlet_count":0,"win_rate":0,"killed_by":"3 Cultists"}