{"play_id":"f0f19949-eff4-4433-baa4-53334891f3ff","build_version":"2020-01-27","seed_played":"-4586201287735390317","chose_seed":false,"seed_source_timestamp":468562754246,"is_daily":false,"special_seed":null,"is_trial":false,"is_endless":false,"is_ascension_mode":true,"ascension_level":12,"neow_bonus":"BOSS_RELIC","neow_cost":"NONE","is_beta":false,"is_prod":false,"victory":false,"floor_reached":30,"score":462,"timestamp":1705285734,"local_time":"01/15/2024 02:28:54","playtime":1319,"player_experience":495500,"master_deck":["AscendersBane","Strike_R","Defend_R","Defend_R","Defend_R","Defend_R","Bash","Uppercut+1","Reaper","Sever Soul+1","Entrench","Barricade","Barricade","Flame Barrier","Shockwave","Sever Soul","Offering","Blood for Blood"],"relics":["Snecko Eye","Kunai","Matryoshka","The Courier","Empty Cage","Bronze Scales","Toy Ornithopter","Omamori","Girya"],"gold":69,"campfire_rested":1,"campfire_upgraded":2,"purchased_purges":1,"potions_floor_spawned":[2,11,13,16,18,21,25,29],"potions_floor_usage":[6,12,30],"current_hp_per_floor":[61,59,59,59,59,39,49,49,49,45,43,48,36,30,30,8,62,62,47,47,19,19,44,51,63,63,63,58,52,0],"max_hp_per_floor":[80,80,80,80,80,80,80,80,80,80,80,80,80,80,80,80,80,80,85,85,85,85,85,85,85,85,85,85,85,85],"gold_per_floor":[114,127,77,6,6,37,53,53,53,66,83,97,124,138,138,240,240,255,255,255,274,40,40,73,88,88,32,49,69,69],"path_per_floor":["M","M","?","$","?","E","M","R","T","M","M","M","E","M","R","B",null,"M","?","?","M","$","R","E","M","T","$","M","M","E"],"path_taken":["M","?","?","?","?","E","?","R","T","M","M","M","E","M","R","BOSS","M","?","?","?","$","R","E","M","T","$","M","M","E"],"items_purchased":["Uppercut","Bronze Scales","Shockwave","Offering"],"item_purchase_floors":[4,22,22,27],"items_purged":["Regret"],"items_purged_floors":[22],"character_chosen":"IRONCLAD","card_choices":[{"picked":"SKIP","not_picked":["Twin Strike","Fire Breathing","Second Wind"],"floor":1},{"picked":"SKIP","not_picked":["Feel No Pain","Havoc","Clash"],"floor":2},{"picked":"Reaper","not_picked":["Flame Barrier","True Grit"],"floor":6},{"picked":"SKIP","not_picked":["Hemokinesis","Body Slam","Second Wind"],"floor":7},{"picked":"SKIP","not_picked":["Intimidate","Headbutt","Rage"],"floor":10},{"picked":"SKIP","not_picked":["Sword Boomerang","Warcry","Flex"],"floor":11},{"picked":"SKIP","not_picked":["Intimidate","Armaments","Flex"],"floor":12},{"picked":"Sever Soul","not_picked":["Rupture","Seeing Red"],"floor":13},{"picked":"Entrench","not_picked":["Ghostly Armor","Anger"],"floor":14},{"picked":"Barricade","not_picked":["Feed","Bludgeon"],"floor":16},{"picked":"SKIP","not_picked":["Warcry+1","Seeing Red","Flex"],"floor":18},{"picked":"Flame Barrier","not_picked":["Battle Trance","Havoc"],"floor":21},{"picked":"SKIP","not_picked":["Twin Strike","Iron Wave","Seeing Red"],"floor":24},{"picked":"Sever Soul","not_picked":["Cleave","Warcry"],"floor":25},{"picked":"Blood for Blood","not_picked":["Havoc","Armaments+1"],"floor":28},{"picked":"SKIP","not_picked":["Anger+1","True Grit","Bloodletting"],"floor":29}],"event_choices":[{"event_name":"The Cleric","player_choice":"Card Removal","floor":3,"cards_obtained":null,"cards_removed":["Strike_R"],"cards_transformed":null,"cards_upgraded":null,"relics_obtained":null,"potions_obtained":null,"relics_lost":null,"damage_taken":0,"damage_healed":0,"max_hp_loss":0,"max_hp_gain":0,"gold_gain":0,"gold_loss":50},{"event_name":"Wheel of Change","player_choice":"Card Removal","floor":5,"cards_obtained":null,"cards_removed":["Strike_R"],"cards_transformed":null,"cards_upgraded":null,"relics_obtained":null,"potions_obtained":null,"relics_lost":null,"damage_taken":0,"damage_healed":0,"max_hp_loss":0,"max_hp_gain":0,"gold_gain":0,"gold_loss":0},{"event_name":"Forgotten Altar","player_choice":"Shed Blood","floor":19,"cards_obtained":null,"cards_removed":null,"cards_transformed":null,"cards_upgraded":null,"relics_obtained":null,"potions_obtained":null,"relics_lost":null,"damage_taken":20,"damage_healed":0,"max_hp_loss":0,"max_hp_gain":5,"gold_gain":0,"gold_loss":0},{"event_name":"Match and Keep!","player_choice":"2 cards matched","floor":20,"cards_obtained":["Regret","Barricade"],"cards_removed":null,"cards_transformed":null,"cards_upgraded":null,"relics_obtained":null,"potions_obtained":null,"relics_lost":null,"damage_taken":0,"damage_healed":0,"max_hp_loss":0,"max_hp_gain":0,"gold_gain":0,"gold_loss":0}],"boss_relics":[{"picked":"Empty Cage","not_picked":["Cursed Key","Runic Dome"]}],"damage_taken":[{"floor":1,"enemies":"Cultist","damage":11,"turns":4},{"floor":2,"enemies":"Jaw Worm","damage":2,"turns":2},{"floor":6,"enemies":"3 Sentries","damage":20,"turns":4},{"floor":7,"enemies":"Small Slimes","damage":0,"turns":3},{"floor":10,"enemies":"3 Louse","damage":4,"turns":3},{"floor":11,"enemies":"Large Slime","damage":8,"turns":3},{"floor":12,"enemies":"Red Slaver","damage":1,"turns":3},{"floor":13,"enemies":"Gremlin Nob","damage":18,"turns":4},{"floor":14,"enemies":"Exordium Thugs","damage":18,"turns":2},{"floor":16,"enemies":"The Guardian","damage":28,"turns":6},{"floor":18,"enemies":"Spheric Guardian","damage":0,"turns":3},{"floor":21,"enemies":"Chosen","damage":34,"turns":5},{"floor":24,"enemies":"Gremlin Leader","damage":0,"turns":10},{"floor":25,"enemies":"3 Cultists","damage":0,"turns":5},{"floor":28,"enemies":"Snake Plant","damage":6,"turns":2},{"floor":29,"enemies":"Centurion and Healer","damage":6,"turns":3},{"floor":30,"enemies":"Book of Stabbing","damage":60,"turns":5}],"potions_obtained":[{"key":"ColorlessPotion","floor":2},{"key":"EssenceOfSteel","floor":11},{"key":"SpeedPotion","floor":13},{"key":"Strength Potion","floor":16}],"relics_obtained":[{"key":"Kunai","floor":6},{"key":"Matryoshka","floor":9},{"key":"The Courier","floor":13},{"key":"Toy Ornithopter","floor":24},{"key":"Omamori","floor":26},{"key":"Girya","floor":26}],"campfire_choices":[{"floor":8,"key":"SMITH","data":"Uppercut"},{"floor":15,"key":"SMITH","data":"Sever Soul"},{"floor":23,"key":"REST"}],"circlet_count":0,"win_rate":0,"killed_by":"Book of Stabbing"}