{"play_id":"2bb7ac1d-c0ac-43f0-b2cf-b1460951d346","build_version":"2020-01-27","seed_played":"-8540548614149550282","chose_seed":false,"seed_source_timestamp":0,"is_daily":false,"special_seed":0,"is_trial":false,"is_endless":false,"is_ascension_mode":true,"ascension_level":12,"neow_bonus":"TWENTY_PERCENT_HP_BONUS","neow_cost":"NO_GOLD","is_beta":false,"is_prod":false,"victory":false,"floor_reached":14,"score":153,"timestamp":1705506892,"local_time":"01/17/2024 15:54:52","playtime":730,"player_experience":499129,"master_deck":["AscendersBane","Strike_R","Strike_R","Strike_R","Defend_R","Defend_R","Defend_R","Defend_R","Bash","Rupture+1","Clothesline","Thunderclap","Dropkick","Dropkick","Impervious","Armaments"],"relics":["Burning Blood","Odd Mushroom","Pantograph","Bag of Preparation"],"gold":151,"campfire_rested":0,"campfire_upgraded":1,"purchased_purges":0,"potions_floor_spawned":[7,11,12],"potions_floor_usage":[14],"current_hp_per_floor":[90,90,92,92,92,92,87,57,57,50,15,12,12,0],"max_hp_per_floor":[96,96,96,96,96,96,96,96,96,96,96,96,96,96],"gold_per_floor":[10,10,21,21,21,21,39,67,67,67,80,97,151,151],"path_per_floor":["M","$","M","$","?","R","M","?","T","?","M","M","T","E"],"path_taken":["M","$","M","$","?","R","M","?","T","?","M","M","?","E"],"items_purchased":[],"item_purchase_floors":[],"items_purged":[],"items_purged_floors":[],"character_chosen":"IRONCLAD","card_choices":[{"picked":"Rupture","not_picked":["Havoc","Pommel Strike"],"floor":1},{"picked":"Clothesline","not_picked":["Twin Strike","Armaments"],"floor":3},{"picked":"Dropkick","not_picked":["Rage","Armaments"],"floor":7},{"picked":"Dropkick","not_picked":["Havoc","Iron Wave"],"floor":8},{"picked":"Impervious","not_picked":["Flex","Clash"],"floor":11},{"picked":"Armaments","not_picked":["Bloodletting","Pummel"],"floor":12}],"event_choices":[{"event_name":"Living Wall","player_choice":"Change","floor":5,"cards_obtained":["Thunderclap"],"cards_removed":null,"cards_transformed":["Strike_R"],"cards_upgraded":null,"relics_obtained":null,"potions_obtained":null,"relics_lost":null,"damage_taken":0,"damage_healed":0,"max_hp_loss":0,"max_hp_gain":0,"gold_gain":0,"gold_loss":0},{"event_name":"Mushrooms","player_choice":"Fought Mushrooms","floor":8,"cards_obtained":null,"cards_removed":null,"cards_transformed":null,"cards_upgraded":null,"relics_obtained":null,"potions_obtained":null,"relics_lost":null,"damage_taken":0,"damage_healed":0,"max_hp_loss":0,"max_hp_gain":0,"gold_gain":0,"gold_loss":0},{"event_name":"Golden Wing","player_choice":"Card Removal","floor":10,"cards_obtained":null,"cards_removed":["Strike_R"],"cards_transformed":null,"cards_upgraded":null,"relics_obtained":null,"potions_obtained":null,"relics_lost":null,"damage_taken":7,"damage_healed":0,"max_hp_loss":0,"max_hp_gain":0,"gold_gain":0,"gold_loss":0}],"boss_relics":[],"damage_taken":[{"floor":1,"enemies":"Jaw Worm","damage":4,"turns":4},{"floor":3,"enemies":"2 Louse","damage":4,"turns":6},{"floor":7,"enemies":"Cultist","damage":11,"turns":4},{"floor":8,"enemies":"The Mushroom Lair","damage":36,"turns":5},{"floor":11,"enemies":"Exordium Thugs","damage":41,"turns":5},{"floor":12,"enemies":"Exordium Wildlife","damage":9,"turns":4},{"floor":14,"enemies":"3 Sentries","damage":12,"turns":3}],"potions_obtained":[{"key":"Strength Potion","floor":7},{"key":"DistilledChaos","floor":11}],"relics_obtained":[{"key":"Odd Mushroom","floor":8},{"key":"Pantograph","floor":9},{"key":"Bag of Preparation","floor":13}],"campfire_choices":[{"floor":6,"key":"SMITH","data":"Rupture"}],"circlet_count":0,"win_rate":0,"killed_by":"3 Sentries"}