{"play_id":"d766f94e-6cdf-4f77-b8c3-5a52ce131e22","build_version":"2020-01-27","seed_played":"2205967164114115825","chose_seed":false,"seed_source_timestamp":0,"is_daily":false,"special_seed":0,"is_trial":false,"is_endless":false,"is_ascension_mode":true,"ascension_level":13,"neow_bonus":"ONE_RARE_RELIC","neow_cost":"PERCENT_DAMAGE","is_beta":false,"is_prod":false,"victory":false,"floor_reached":20,"score":284,"timestamp":1711408196,"local_time":"03/25/2024 23:09:56","playtime":1134,"player_experience":595218,"master_deck":["AscendersBane","Strike_R","Strike_R","Strike_R","Strike_R","Defend_R","Defend_R","Defend_R","Bash+1","Shrug It Off","Rampage","Clash","Double Tap+1","Uppercut","Flex","Headbutt","Juggernaut+1","Shrug It Off"],"relics":["Burning Blood","Shovel","Bronze Scales","White Beast Statue","Pen Nib","Boot","Frozen Egg 2","Bird Faced Urn","Runic Cube"],"gold":209,"campfire_rested":0,"campfire_upgraded":0,"purchased_purges":2,"potions_floor_spawned":[7,11,12,16,18],"potions_floor_usage":[12,16,20],"current_hp_per_floor":[51,51,51,57,52,52,29,29,29,29,24,16,16,16,16,11,63,31,23,0],"max_hp_per_floor":[80,80,80,80,80,80,80,80,80,80,80,80,80,80,80,80,80,80,80,80],"gold_per_floor":[113,38,38,54,68,68,95,95,149,10,29,39,39,39,39,114,114,134,209,209],"path_per_floor":["M","$","?","M","M","R","E","R","T","$","M","M","R","?","R","B",null,"M","?","M"],"path_taken":["M","$","?","?","M","R","E","R","T","$","M","M","R","?","R","BOSS","M","?","?"],"items_purchased":["Uppercut"],"item_purchase_floors":[10],"items_purged":["Strike_R","Defend_R"],"items_purged_floors":[2,10],"character_chosen":"IRONCLAD","card_choices":[{"picked":"Shrug It Off","not_picked":["Armaments","Clothesline"],"floor":1},{"picked":"Rampage","not_picked":["Headbutt","Clash"],"floor":4},{"picked":"Clash","not_picked":["Clothesline","Flex"],"floor":5},{"picked":"Double Tap","not_picked":["Shockwave","Dark Embrace"],"floor":7},{"picked":"Flex","not_picked":["Iron Wave","True Grit"],"floor":11},{"picked":"Headbutt","not_picked":["Clothesline","Iron Wave"],"floor":12},{"picked":"Juggernaut+1","not_picked":["Double Tap","Feed"],"floor":16},{"picked":"Shrug It Off","not_picked":["Twin Strike+1","Havoc"],"floor":18}],"event_choices":[{"event_name":"Upgrade Shrine","player_choice":"Upgraded","floor":3,"cards_obtained":null,"cards_removed":null,"cards_transformed":null,"cards_upgraded":["Bash"],"relics_obtained":null,"potions_obtained":null,"relics_lost":null,"damage_taken":0,"damage_healed":0,"max_hp_loss":0,"max_hp_gain":0,"gold_gain":0,"gold_loss":0},{"event_name":"Living Wall","player_choice":"Grow","floor":14,"cards_obtained":null,"cards_removed":null,"cards_transformed":null,"cards_upgraded":["Double Tap"],"relics_obtained":null,"potions_obtained":null,"relics_lost":null,"damage_taken":0,"damage_healed":0,"max_hp_loss":0,"max_hp_gain":0,"gold_gain":0,"gold_loss":0},{"event_name":"FaceTrader","player_choice":"Touch","floor":19,"cards_obtained":null,"cards_removed":null,"cards_transformed":null,"cards_upgraded":null,"relics_obtained":null,"potions_obtained":null,"relics_lost":null,"damage_taken":8,"damage_healed":0,"max_hp_loss":0,"max_hp_gain":0,"gold_gain":75,"gold_loss":0}],"boss_relics":[{"picked":"Runic Cube","not_picked":["Runic Dome","Mark of Pain"]}],"damage_taken":[{"floor":1,"enemies":"Cultist","damage":6,"turns":3},{"floor":4,"enemies":"2 Louse","damage":0,"turns":4},{"floor":5,"enemies":"Jaw Worm","damage":11,"turns":3},{"floor":7,"enemies":"Gremlin Nob","damage":29,"turns":4},{"floor":11,"enemies":"Red Slaver","damage":11,"turns":3},{"floor":12,"enemies":"Exordium Wildlife","damage":14,"turns":4},{"floor":16,"enemies":"Hexaghost","damage":11,"turns":7},{"floor":18,"enemies":"3 Byrds","damage":40,"turns":4},{"floor":20,"enemies":"Shell Parasite","damage":23,"turns":4}],"potions_obtained":[{"key":"Ancient Potion","floor":7},{"key":"SkillPotion","floor":11},{"key":"FearPotion","floor":12},{"key":"SteroidPotion","floor":16}],"relics_obtained":[{"key":"Bronze Scales","floor":6},{"key":"White Beast Statue","floor":7},{"key":"Pen Nib","floor":8},{"key":"Boot","floor":9},{"key":"Frozen Egg 2","floor":13},{"key":"Bird Faced Urn","floor":15}],"campfire_choices":[{"floor":6,"key":"DIG"},{"floor":8,"key":"DIG"},{"floor":13,"key":"DIG"},{"floor":15,"key":"DIG"}],"circlet_count":0,"win_rate":0,"killed_by":"Shell Parasite"}