{"play_id":"7d7e059c-9196-4de3-b23f-7d28343d00a0","build_version":"2020-01-27","seed_played":"-4637885232804736980","chose_seed":false,"seed_source_timestamp":4977307970187,"is_daily":false,"special_seed":null,"is_trial":false,"is_endless":false,"is_ascension_mode":true,"ascension_level":13,"neow_bonus":"BOSS_RELIC","neow_cost":"NONE","is_beta":false,"is_prod":false,"victory":false,"floor_reached":8,"score":96,"timestamp":1711630026,"local_time":"03/28/2024 12:47:06","playtime":296,"player_experience":599464,"master_deck":["AscendersBane","Strike_R","Strike_R","Strike_R","Strike_R","Defend_R","Defend_R","Defend_R","Defend_R","Bash","Rampage","Thunderclap","Anger","Thunderclap"],"relics":["Black Star","Golden Idol","Boot","MawBank"],"gold":222,"campfire_rested":0,"campfire_upgraded":0,"purchased_purges":0,"potions_floor_spawned":[1,4,6],"potions_floor_usage":[6,7],"current_hp_per_floor":[62,62,55,51,44,4,16,0],"max_hp_per_floor":[80,74,74,74,74,74,74,74],"gold_per_floor":[113,113,113,128,152,185,210,222],"path_per_floor":["M","?","?","M","M","E","M","E"],"path_taken":["M","?","?","M","?","E","M","E"],"items_purchased":[],"item_purchase_floors":[],"items_purged":[],"items_purged_floors":[],"character_chosen":"IRONCLAD","card_choices":[{"picked":"Rampage","not_picked":["Clash","Sentinel"],"floor":1},{"picked":"Thunderclap","not_picked":["Rampage","Shockwave"],"floor":4},{"picked":"SKIP","not_picked":["True Grit","Body Slam","Flex"],"floor":5},{"picked":"Anger","not_picked":["Pommel Strike","True Grit"],"floor":6},{"picked":"Thunderclap","not_picked":["Sword Boomerang","Dark Embrace"],"floor":7}],"event_choices":[{"event_name":"Golden Idol","player_choice":"Lose Max HP","floor":2,"cards_obtained":null,"cards_removed":null,"cards_transformed":null,"cards_upgraded":null,"relics_obtained":["Golden Idol"],"potions_obtained":null,"relics_lost":null,"damage_taken":0,"damage_healed":0,"max_hp_loss":6,"max_hp_gain":0,"gold_gain":0,"gold_loss":0},{"event_name":"Golden Wing","player_choice":"Card Removal","floor":3,"cards_obtained":null,"cards_removed":["Strike_R"],"cards_transformed":null,"cards_upgraded":null,"relics_obtained":null,"potions_obtained":null,"relics_lost":null,"damage_taken":7,"damage_healed":0,"max_hp_loss":0,"max_hp_gain":0,"gold_gain":0,"gold_loss":0}],"boss_relics":[],"damage_taken":[{"floor":1,"enemies":"2 Louse","damage":10,"turns":4},{"floor":4,"enemies":"Small Slimes","damage":4,"turns":3},{"floor":5,"enemies":"Jaw Worm","damage":7,"turns":5},{"floor":6,"enemies":"3 Sentries","damage":40,"turns":8},{"floor":7,"enemies":"Looter","damage":2,"turns":3},{"floor":8,"enemies":"Gremlin Nob","damage":18,"turns":3}],"potions_obtained":[{"key":"BloodPotion","floor":1},{"key":"SpeedPotion","floor":4},{"key":"Explosive Potion","floor":6}],"relics_obtained":[{"key":"Boot","floor":6},{"key":"MawBank","floor":6}],"campfire_choices":[],"circlet_count":0,"win_rate":0,"killed_by":"Gremlin Nob"}