{"play_id":"4550773f-eb8a-45d2-bc15-8530b2396c88","build_version":"2020-01-27","seed_played":"4227450540479634782","chose_seed":false,"seed_source_timestamp":0,"is_daily":false,"special_seed":0,"is_trial":false,"is_endless":false,"is_ascension_mode":true,"ascension_level":13,"neow_bonus":"ONE_RANDOM_RARE_CARD","neow_cost":"NONE","is_beta":false,"is_prod":false,"victory":true,"floor_reached":51,"score":1164,"timestamp":1711247544,"local_time":"03/24/2024 02:32:24","playtime":2834,"player_experience":590257,"master_deck":["AscendersBane","Strike_R","Defend_R","Defend_R","Defend_R+1","Bash+1","Demon Form+1","Headbutt","True Grit+1","Inflame+1","Hemokinesis+1","Thunderclap","Anger","Shockwave+1","Reaper","Pummel+1","Enlightenment+1","Dark Shackles","Shrug It Off","Flame Barrier","Dropkick","Sword Boomerang+1","Reaper","Battle Trance","Offering+1"],"relics":["Burning Blood","Oddly Smooth Stone","Ornamental Fan","Pantograph","Membership Card","Mercury Hourglass","Philosopher's Stone","Lantern","Singing Bowl","Matryoshka","Blood Vial","Orichalcum","Lizard Tail","Empty Cage","Bronze Scales","Paper Frog","Vajra","Strawberry","Pen Nib","ClockworkSouvenir"],"gold":1,"campfire_rested":1,"campfire_upgraded":7,"purchased_purges":3,"potions_floor_spawned":[4,13,16,29,30,39,41,47],"potions_floor_usage":[18,22,29,30,30,31,41,44,50,50,50,50],"current_hp_per_floor":[74,74,74,70,70,70,67,67,67,53,37,39,39,39,39,37,69,80,80,80,80,82,43,43,36,36,36,36,35,47,13,38,41,73,78,78,78,78,86,86,86,86,86,95,97,97,93,93,93,12],"max_hp_per_floor":[80,80,80,80,80,80,80,80,80,80,80,80,80,80,80,80,80,80,80,80,80,82,82,82,82,82,82,82,82,84,84,84,84,84,84,84,84,84,86,86,95,95,95,95,97,97,99,99,99,99],"gold_per_floor":[119,119,38,55,230,230,230,230,230,264,264,284,301,22,22,100,100,113,33,308,14,31,61,61,72,72,72,72,83,96,113,113,186,186,204,15,15,15,27,27,61,61,84,97,117,40,50,1,1,1],"path_per_floor":["M","?","$","M","?","R","?","R","T","E","?","M","M","$","R","B","ul","M","$","?","$","M","E","R","M","T","?","?","M","M","M","R","B",null,"M","$","?","T","M","R","E","R","T","M","M","$","M","$","R","B",null],"path_taken":["M","?","?","M","?","R","?","R","T","E","?","M","?","$","R","BOSS","M","$","?","?","M","E","R","?","T","?","?","M","M","M","R","BOSS","M","?","?","?","M","R","E","R","T","M","M","$","M","?","R","BOSS"],"items_purchased":["Inflame","Membership Card","Mercury Hourglass","Enlightenment","Lantern","Singing Bowl","Dark Shackles","Bronze Scales","CultistPotion","ClockworkSouvenir","EntropicBrew"],"item_purchase_floors":[3,14,14,19,21,21,21,36,36,46,48],"items_purged":["Doubt","Strike_R","Strike_R"],"items_purged_floors":[19,21,36],"character_chosen":"IRONCLAD","card_choices":[{"picked":"Headbutt","not_picked":["Armaments","Perfected Strike"],"floor":1},{"picked":"Hemokinesis","not_picked":["Dark Embrace","Dual Wield"],"floor":4},{"picked":"Thunderclap","not_picked":["Anger","Havoc"],"floor":10},{"picked":"Anger","not_picked":["Body Slam","Clash"],"floor":12},{"picked":"Shockwave","not_picked":["Twin Strike","Flex"],"floor":13},{"picked":"Reaper","not_picked":["Double Tap","Corruption"],"floor":16},{"picked":"Pummel+1","not_picked":["Armaments","Headbutt"],"floor":18},{"picked":"Singing Bowl","not_picked":["Pommel Strike","Sentinel","Battle Trance"],"floor":22},{"picked":"Shrug It Off","not_picked":["Dual Wield","Reckless Charge"],"floor":23},{"picked":"Flame Barrier","not_picked":["Flex","Rupture"],"floor":25},{"picked":"Dropkick","not_picked":["Anger","Headbutt"],"floor":29},{"picked":"Singing Bowl","not_picked":["Cleave","Thunderclap","Anger"],"floor":30},{"picked":"Sword Boomerang+1","not_picked":["Bloodletting","Perfected Strike"],"floor":31},{"picked":"Reaper","not_picked":["Feed","Berserk"],"floor":33},{"picked":"Battle Trance","not_picked":["Iron Wave+1","Inflame+1"],"floor":35},{"picked":"Singing Bowl","not_picked":["Metallicize+1","Shrug It Off","Clothesline"],"floor":39},{"picked":"Singing Bowl","not_picked":["Shrug It Off","Clash+1","Infernal Blade+1"],"floor":41},{"picked":"Offering","not_picked":["Carnage","Dual Wield+1"],"floor":44},{"picked":"Singing Bowl","not_picked":["Headbutt","Warcry+1","Body Slam"],"floor":45},{"picked":"Singing Bowl","not_picked":["Body Slam","Reckless Charge","Armaments"],"floor":47}],"event_choices":[{"event_name":"Transmorgrifier","player_choice":"Transformed","floor":2,"cards_obtained":["True Grit"],"cards_removed":null,"cards_transformed":["Strike_R"],"cards_upgraded":null,"relics_obtained":null,"potions_obtained":null,"relics_lost":null,"damage_taken":0,"damage_healed":0,"max_hp_loss":0,"max_hp_gain":0,"gold_gain":0,"gold_loss":0},{"event_name":"Liars Game","player_choice":"AGREE","floor":5,"cards_obtained":["Doubt"],"cards_removed":null,"cards_transformed":null,"cards_upgraded":null,"relics_obtained":null,"potions_obtained":null,"relics_lost":null,"damage_taken":0,"damage_healed":0,"max_hp_loss":0,"max_hp_gain":0,"gold_gain":175,"gold_loss":0},{"event_name":"Scrap Ooze","player_choice":"Success","floor":7,"cards_obtained":null,"cards_removed":null,"cards_transformed":null,"cards_upgraded":null,"relics_obtained":["Oddly Smooth Stone"],"potions_obtained":null,"relics_lost":null,"damage_taken":3,"damage_healed":0,"max_hp_loss":0,"max_hp_gain":0,"gold_gain":0,"gold_loss":0},{"event_name":"Shining Light","player_choice":"Entered Light","floor":11,"cards_obtained":null,"cards_removed":null,"cards_transformed":null,"cards_upgraded":["True Grit","Defend_R"],"relics_obtained":null,"potions_obtained":null,"relics_lost":null,"damage_taken":16,"damage_healed":0,"max_hp_loss":0,"max_hp_gain":0,"gold_gain":0,"gold_loss":0},{"event_name":"Golden Shrine","player_choice":"Desecrate","floor":20,"cards_obtained":["Regret"],"cards_removed":null,"cards_transformed":null,"cards_upgraded":null,"relics_obtained":null,"potions_obtained":null,"relics_lost":null,"damage_taken":0,"damage_healed":0,"max_hp_loss":0,"max_hp_gain":0,"gold_gain":275,"gold_loss":0},{"event_name":"The Mausoleum","player_choice":"Opened","floor":27,"cards_obtained":null,"cards_removed":null,"cards_transformed":null,"cards_upgraded":null,"relics_obtained":["Lizard Tail"],"potions_obtained":null,"relics_lost":null,"damage_taken":0,"damage_healed":0,"max_hp_loss":0,"max_hp_gain":0,"gold_gain":0,"gold_loss":0},{"event_name":"Lab","player_choice":"Got Potions","floor":28,"cards_obtained":null,"cards_removed":null,"cards_transformed":null,"cards_upgraded":null,"relics_obtained":null,"potions_obtained":null,"relics_lost":null,"damage_taken":0,"damage_healed":0,"max_hp_loss":0,"max_hp_gain":0,"gold_gain":0,"gold_loss":0},{"event_name":"Falling","player_choice":"Removed Skill","floor":37,"cards_obtained":null,"cards_removed":["Defend_R"],"cards_transformed":null,"cards_upgraded":null,"relics_obtained":null,"potions_obtained":null,"relics_lost":null,"damage_taken":0,"damage_healed":0,"max_hp_loss":0,"max_hp_gain":0,"gold_gain":0,"gold_loss":0}],"boss_relics":[{"picked":"Philosopher's Stone","not_picked":["Ectoplasm","Calling Bell"]},{"picked":"Empty Cage","not_picked":["Tiny House","SlaversCollar"]}],"damage_taken":[{"floor":1,"enemies":"2 Louse","damage":4,"turns":3},{"floor":4,"enemies":"Cultist","damage":10,"turns":4},{"floor":10,"enemies":"3 Sentries","damage":20,"turns":7},{"floor":12,"enemies":"Small Slimes","damage":4,"turns":3},{"floor":13,"enemies":"2 Fungi Beasts","damage":6,"turns":5},{"floor":16,"enemies":"The Guardian","damage":33,"turns":9},{"floor":18,"enemies":"2 Thieves","damage":6,"turns":4},{"floor":22,"enemies":"3 Byrds","damage":7,"turns":5},{"floor":23,"enemies":"Book of Stabbing","damage":54,"turns":5},{"floor":25,"enemies":"Centurion and Healer","damage":21,"turns":5},{"floor":29,"enemies":"Snake Plant","damage":18,"turns":4},{"floor":30,"enemies":"Cultist and Chosen","damage":8,"turns":5},{"floor":31,"enemies":"3 Cultists","damage":54,"turns":6},{"floor":33,"enemies":"Champ","damage":40,"turns":8},{"floor":35,"enemies":"Orb Walker","damage":18,"turns":4},{"floor":39,"enemies":"3 Darklings","damage":12,"turns":5},{"floor":41,"enemies":"Nemesis","damage":27,"turns":7},{"floor":44,"enemies":"Transient","damage":6,"turns":5},{"floor":45,"enemies":"Maw","damage":16,"turns":5},{"floor":47,"enemies":"Writhing Mass","damage":12,"turns":4},{"floor":50,"enemies":"Donu and Deca","damage":104,"turns":7}],"potions_obtained":[{"key":"Block Potion","floor":4},{"key":"Block Potion","floor":13},{"key":"SpeedPotion","floor":16},{"key":"PowerPotion","floor":28},{"key":"SkillPotion","floor":28},{"key":"ElixirPotion","floor":29},{"key":"DuplicationPotion","floor":30},{"key":"Strength Potion","floor":39},{"key":"CultistPotion","floor":41},{"key":"SmokeBomb","floor":47}],"relics_obtained":[{"key":"Ornamental Fan","floor":9},{"key":"Pantograph","floor":10},{"key":"Matryoshka","floor":23},{"key":"Blood Vial","floor":26},{"key":"Orichalcum","floor":26},{"key":"Paper Frog","floor":38},{"key":"Vajra","floor":38},{"key":"Strawberry","floor":41},{"key":"Pen Nib","floor":43}],"campfire_choices":[{"floor":6,"key":"SMITH","data":"Bash"},{"floor":8,"key":"SMITH","data":"Hemokinesis"},{"floor":15,"key":"SMITH","data":"Demon Form"},{"floor":24,"key":"SMITH","data":"Enlightenment"},{"floor":32,"key":"REST"},{"floor":40,"key":"SMITH","data":"Shockwave"},{"floor":42,"key":"SMITH","data":"Inflame"},{"floor":49,"key":"SMITH","data":"Offering"}],"circlet_count":0,"win_rate":0,"killed_by":null}