{"play_id":"21df55ec-608e-4154-bbfe-76ec45c63554","build_version":"2020-01-27","seed_played":"340040535779570463","chose_seed":false,"seed_source_timestamp":3473921145411,"is_daily":false,"special_seed":null,"is_trial":false,"is_endless":false,"is_ascension_mode":true,"ascension_level":13,"neow_bonus":"THREE_ENEMY_KILL","neow_cost":"NONE","is_beta":false,"is_prod":false,"victory":false,"floor_reached":24,"score":398,"timestamp":1711371869,"local_time":"03/25/2024 13:04:29","playtime":978,"player_experience":594240,"master_deck":["AscendersBane","Defend_R+1","Defend_R","Defend_R","Bash+1","Twin Strike+1","Ghostly Armor","Dropkick","Flex+1","Doubt","Cleave","Berserk","Bludgeon","Feel No Pain+1","Clash+1","Hemokinesis+1","Dual Wield","Pummel","Flame Barrier"],"relics":["Burning Blood","NeowsBlessing","Tiny Chest","PreservedInsect","Thread and Needle","Art of War","Eternal Feather","Astrolabe"],"gold":463,"campfire_rested":0,"campfire_upgraded":2,"purchased_purges":1,"potions_floor_spawned":[6,13,16,20,21,22],"potions_floor_usage":[16,18,21,22,24],"current_hp_per_floor":[78,62,62,68,57,63,63,47,47,47,47,51,57,47,56,16,64,58,58,58,25,22,31,0],"max_hp_per_floor":[80,80,80,80,80,80,80,80,80,80,80,80,80,80,80,80,80,80,80,80,80,80,80,80],"gold_per_floor":[113,113,113,123,198,224,73,105,128,53,228,240,252,283,283,360,360,433,433,452,463,463,463,463],"path_per_floor":["M","?","?","M","?","E","$","E","T","$","?","M","M","E","R","B",null,"M","?","M","M","M","R","E"],"path_taken":["M","?","?","?","?","E","$","E","T","$","?","M","M","E","R","BOSS","M","?","?","M","M","R","E"],"items_purchased":["PreservedInsect"],"item_purchase_floors":[7],"items_purged":["Strike_R"],"items_purged_floors":[10],"character_chosen":"IRONCLAD","card_choices":[{"picked":"Twin Strike","not_picked":["Warcry","Armaments"],"floor":1},{"picked":"Ghostly Armor","not_picked":["Rupture","Dual Wield"],"floor":4},{"picked":"Dropkick","not_picked":["Combust","Havoc"],"floor":6},{"picked":"Flex","not_picked":["Warcry","Blood for Blood"],"floor":8},{"picked":"Cleave","not_picked":["Headbutt","Infernal Blade"],"floor":12},{"picked":"Berserk","not_picked":["Anger","True Grit"],"floor":13},{"picked":"SKIP","not_picked":["Anger","Perfected Strike","Berserk"],"floor":14},{"picked":"Bludgeon","not_picked":["Brutality","Reaper"],"floor":16},{"picked":"SKIP","not_picked":["Headbutt","Dark Embrace","Havoc"],"floor":18},{"picked":"Pummel","not_picked":["Combust","Shrug It Off+1"],"floor":20},{"picked":"Flame Barrier","not_picked":["Perfected Strike+1","Dark Embrace"],"floor":21}],"event_choices":[{"event_name":"Shining Light","player_choice":"Entered Light","floor":2,"cards_obtained":null,"cards_removed":null,"cards_transformed":null,"cards_upgraded":["Defend_R","Twin Strike"],"relics_obtained":null,"potions_obtained":null,"relics_lost":null,"damage_taken":16,"damage_healed":0,"max_hp_loss":0,"max_hp_gain":0,"gold_gain":0,"gold_loss":0},{"event_name":"Bonfire Elementals","player_choice":"Offered Basic","floor":3,"cards_obtained":null,"cards_removed":["Strike_R"],"cards_transformed":null,"cards_upgraded":null,"relics_obtained":null,"potions_obtained":null,"relics_lost":null,"damage_taken":0,"damage_healed":0,"max_hp_loss":0,"max_hp_gain":0,"gold_gain":0,"gold_loss":0},{"event_name":"World of Goop","player_choice":"Gather Gold","floor":5,"cards_obtained":null,"cards_removed":null,"cards_transformed":null,"cards_upgraded":null,"relics_obtained":null,"potions_obtained":null,"relics_lost":null,"damage_taken":11,"damage_healed":0,"max_hp_loss":0,"max_hp_gain":0,"gold_gain":75,"gold_loss":0},{"event_name":"Liars Game","player_choice":"AGREE","floor":11,"cards_obtained":["Doubt"],"cards_removed":null,"cards_transformed":null,"cards_upgraded":null,"relics_obtained":null,"potions_obtained":null,"relics_lost":null,"damage_taken":0,"damage_healed":0,"max_hp_loss":0,"max_hp_gain":0,"gold_gain":175,"gold_loss":0},{"event_name":"Transmorgrifier","player_choice":"Transformed","floor":19,"cards_obtained":["Dual Wield"],"cards_removed":null,"cards_transformed":["Strike_R"],"cards_upgraded":null,"relics_obtained":null,"potions_obtained":null,"relics_lost":null,"damage_taken":0,"damage_healed":0,"max_hp_loss":0,"max_hp_gain":0,"gold_gain":0,"gold_loss":0}],"boss_relics":[{"picked":"Astrolabe","not_picked":["Calling Bell","Black Blood"]}],"damage_taken":[{"floor":1,"enemies":"2 Louse","damage":0,"turns":1},{"floor":4,"enemies":"Small Slimes","damage":0,"turns":1},{"floor":6,"enemies":"Gremlin Nob","damage":0,"turns":2},{"floor":8,"enemies":"Lagavulin","damage":22,"turns":6},{"floor":12,"enemies":"Cultist","damage":2,"turns":4},{"floor":13,"enemies":"Looter","damage":0,"turns":2},{"floor":14,"enemies":"3 Sentries","damage":16,"turns":7},{"floor":16,"enemies":"The Guardian","damage":46,"turns":15},{"floor":18,"enemies":"3 Byrds","damage":12,"turns":7},{"floor":20,"enemies":"Shell Parasite","damage":6,"turns":4},{"floor":21,"enemies":"Snake Plant","damage":39,"turns":4},{"floor":22,"enemies":"Chosen and Byrds","damage":9,"turns":4},{"floor":24,"enemies":"Book of Stabbing","damage":33,"turns":4}],"potions_obtained":[{"key":"SmokeBomb","floor":6},{"key":"Swift Potion","floor":13},{"key":"ColorlessPotion","floor":16},{"key":"DistilledChaos","floor":20},{"key":"Fire Potion","floor":21}],"relics_obtained":[{"key":"Tiny Chest","floor":6},{"key":"Thread and Needle","floor":8},{"key":"Art of War","floor":9},{"key":"Eternal Feather","floor":14}],"campfire_choices":[{"floor":15,"key":"SMITH","data":"Bash"},{"floor":23,"key":"SMITH","data":"Flex"}],"circlet_count":0,"win_rate":0,"killed_by":"Book of Stabbing"}