{"play_id":"2fba0cc2-8f78-47a9-b698-406a22d6f7da","build_version":"2020-01-27","seed_played":"2890914142249536894","chose_seed":false,"seed_source_timestamp":556435389297,"is_daily":false,"special_seed":null,"is_trial":false,"is_endless":false,"is_ascension_mode":true,"ascension_level":13,"neow_bonus":"RANDOM_COMMON_RELIC","neow_cost":"NONE","is_beta":false,"is_prod":false,"victory":false,"floor_reached":33,"score":515,"timestamp":1711890014,"local_time":"03/31/2024 13:00:14","playtime":1420,"player_experience":605752,"master_deck":["AscendersBane","Strike_R","Strike_R","Strike_R","Defend_R","Defend_R","Defend_R","Bash","Shrug It Off","Thunderclap","Flex+1","Combust+1","Uppercut","Inflame+1","Armaments+1","Infernal Blade+1","True Grit+1","Demon Form","Metallicize","Sentinel+1","Seeing Red+1","True Grit+1","Rupture","Bloodletting+1","Shrug It Off+1","Double Tap+1","Clash"],"relics":["Burning Blood","Anchor","Golden Idol","Odd Mushroom","Toxic Egg 2","Strawberry","Toy Ornithopter","Incense Burner","ClockworkSouvenir","Runic Cube","Red Mask","Lantern","Pear","Oddly Smooth Stone"],"gold":31,"campfire_rested":2,"campfire_upgraded":3,"purchased_purges":2,"potions_floor_spawned":[7,10,13,16,18,22,28],"potions_floor_usage":[10,16,18,22,31],"current_hp_per_floor":[78,71,76,82,82,79,70,43,50,33,33,15,17,17,17,7,66,68,62,62,62,49,49,41,66,66,66,37,37,37,26,54,0],"max_hp_per_floor":[80,80,85,85,85,79,79,79,86,86,86,86,86,86,86,86,86,86,86,86,86,86,86,86,86,86,86,96,96,96,96,96,96],"gold_per_floor":[114,114,114,126,25,25,55,94,142,185,185,220,240,43,43,142,142,161,174,174,20,60,60,83,83,108,41,75,0,0,31,31,31],"path_per_floor":["M","?","?","M","$","?","?","E","T","E","R","E","M","$","R","B",null,"M","M","?","$","?","R","M","R","T","$","E","$","?","E","R","B"],"path_taken":["M","?","?","M","$","?","?","E","T","E","R","E","M","$","R","BOSS","M","M","?","?","?","R","M","R","T","$","E","$","?","E","R","BOSS"],"items_purchased":["Flex","ClockworkSouvenir","True Grit+1","True Grit+1","Bloodletting+1","Double Tap+1"],"item_purchase_floors":[5,14,14,21,27,29],"items_purged":["Strike_R","Strike_R"],"items_purged_floors":[5,21],"character_chosen":"IRONCLAD","card_choices":[{"picked":"Shrug It Off","not_picked":["Havoc","Fire Breathing"],"floor":1},{"picked":"Thunderclap","not_picked":["Perfected Strike","Sword Boomerang"],"floor":4},{"picked":"Combust","not_picked":["Body Slam","Perfected Strike"],"floor":7},{"picked":"Uppercut","not_picked":["Rampage","Sever Soul"],"floor":8},{"picked":"Inflame","not_picked":["Anger","Dual Wield+1"],"floor":10},{"picked":"Armaments+1","not_picked":["Iron Wave","Blood for Blood"],"floor":12},{"picked":"Infernal Blade+1","not_picked":["Bludgeon","Second Wind+1"],"floor":13},{"picked":"Demon Form","not_picked":["Corruption","Berserk"],"floor":16},{"picked":"Metallicize","not_picked":["Twin Strike","Cleave"],"floor":18},{"picked":"Sentinel+1","not_picked":["Warcry+1","Twin Strike"],"floor":19},{"picked":"Rupture","not_picked":["Second Wind+1","Iron Wave"],"floor":24},{"picked":"Shrug It Off+1","not_picked":["Hemokinesis","Anger"],"floor":28},{"picked":"Clash","not_picked":["Inflame+1","Body Slam"],"floor":31}],"event_choices":[{"event_name":"Golden Wing","player_choice":"Card Removal","floor":2,"cards_obtained":null,"cards_removed":["Defend_R"],"cards_transformed":null,"cards_upgraded":null,"relics_obtained":null,"potions_obtained":null,"relics_lost":null,"damage_taken":7,"damage_healed":0,"max_hp_loss":0,"max_hp_gain":0,"gold_gain":0,"gold_loss":0},{"event_name":"Big Fish","player_choice":"Donut","floor":3,"cards_obtained":null,"cards_removed":null,"cards_transformed":null,"cards_upgraded":null,"relics_obtained":null,"potions_obtained":null,"relics_lost":null,"damage_taken":0,"damage_healed":0,"max_hp_loss":0,"max_hp_gain":5,"gold_gain":0,"gold_loss":0},{"event_name":"Golden Idol","player_choice":"Lose Max HP","floor":6,"cards_obtained":null,"cards_removed":null,"cards_transformed":null,"cards_upgraded":null,"relics_obtained":["Golden Idol"],"potions_obtained":null,"relics_lost":null,"damage_taken":0,"damage_healed":0,"max_hp_loss":6,"max_hp_gain":0,"gold_gain":0,"gold_loss":0},{"event_name":"Mushrooms","player_choice":"Fought Mushrooms","floor":7,"cards_obtained":null,"cards_removed":null,"cards_transformed":null,"cards_upgraded":null,"relics_obtained":null,"potions_obtained":null,"relics_lost":null,"damage_taken":0,"damage_healed":0,"max_hp_loss":0,"max_hp_gain":0,"gold_gain":0,"gold_loss":0},{"event_name":"The Library","player_choice":"Read","floor":20,"cards_obtained":["Seeing Red"],"cards_removed":null,"cards_transformed":null,"cards_upgraded":null,"relics_obtained":null,"potions_obtained":null,"relics_lost":null,"damage_taken":0,"damage_healed":0,"max_hp_loss":0,"max_hp_gain":0,"gold_gain":0,"gold_loss":0},{"event_name":"Masked Bandits","player_choice":"Fought Bandits","floor":22,"cards_obtained":null,"cards_removed":null,"cards_transformed":null,"cards_upgraded":null,"relics_obtained":null,"potions_obtained":null,"relics_lost":null,"damage_taken":0,"damage_healed":0,"max_hp_loss":0,"max_hp_gain":0,"gold_gain":0,"gold_loss":0},{"event_name":"Vampires","player_choice":"Ignored","floor":30,"cards_obtained":null,"cards_removed":null,"cards_transformed":null,"cards_upgraded":null,"relics_obtained":null,"potions_obtained":null,"relics_lost":null,"damage_taken":0,"damage_healed":0,"max_hp_loss":0,"max_hp_gain":0,"gold_gain":0,"gold_loss":0}],"boss_relics":[{"picked":"Runic Cube","not_picked":["Runic Dome","SlaversCollar"]}],"damage_taken":[{"floor":1,"enemies":"Small Slimes","damage":0,"turns":5},{"floor":4,"enemies":"2 Louse","damage":0,"turns":3},{"floor":7,"enemies":"The Mushroom Lair","damage":15,"turns":5},{"floor":8,"enemies":"Gremlin Nob","damage":33,"turns":4},{"floor":10,"enemies":"Lagavulin","damage":23,"turns":6},{"floor":12,"enemies":"3 Sentries","damage":24,"turns":6},{"floor":13,"enemies":"Jaw Worm","damage":4,"turns":4},{"floor":16,"enemies":"Slime Boss","damage":21,"turns":8},{"floor":18,"enemies":"3 Byrds","damage":9,"turns":5},{"floor":19,"enemies":"Shell Parasite","damage":12,"turns":5},{"floor":22,"enemies":"Masked Bandits","damage":24,"turns":5},{"floor":24,"enemies":"Snake Plant","damage":14,"turns":5},{"floor":28,"enemies":"Gremlin Leader","damage":45,"turns":6},{"floor":31,"enemies":"Slavers","damage":41,"turns":5},{"floor":33,"enemies":"Collector","damage":55,"turns":7}],"potions_obtained":[{"key":"HeartOfIron","floor":7},{"key":"ElixirPotion","floor":10},{"key":"FearPotion","floor":13},{"key":"SteroidPotion","floor":16},{"key":"BlessingOfTheForge","floor":18},{"key":"BloodPotion","floor":22}],"relics_obtained":[{"key":"Odd Mushroom","floor":7},{"key":"Toxic Egg 2","floor":8},{"key":"Strawberry","floor":9},{"key":"Toy Ornithopter","floor":10},{"key":"Incense Burner","floor":12},{"key":"Red Mask","floor":22},{"key":"Lantern","floor":26},{"key":"Pear","floor":28},{"key":"Oddly Smooth Stone","floor":31}],"campfire_choices":[{"floor":11,"key":"SMITH","data":"Combust"},{"floor":15,"key":"SMITH","data":"Inflame"},{"floor":23,"key":"SMITH","data":"Flex"},{"floor":25,"key":"REST"},{"floor":32,"key":"REST"}],"circlet_count":0,"win_rate":0,"killed_by":"Collector"}