{"play_id":"a493d30d-e714-4867-a579-66879c52a403","build_version":"2020-01-27","seed_played":"4766455426248664596","chose_seed":false,"seed_source_timestamp":5639230204565,"is_daily":false,"special_seed":null,"is_trial":false,"is_endless":false,"is_ascension_mode":true,"ascension_level":13,"neow_bonus":"ONE_RANDOM_RARE_CARD","neow_cost":"NONE","is_beta":false,"is_prod":false,"victory":false,"floor_reached":24,"score":367,"timestamp":1711798097,"local_time":"03/30/2024 11:28:17","playtime":1256,"player_experience":601876,"master_deck":["AscendersBane","Bash+1","Feed+1","Sword Boomerang","Metallicize","Pommel Strike","Inflame+1","Berserk","Bloodletting","Feed","Carnage","Metallicize","Fiend Fire","Blood for Blood","Dropkick","Carnage","Rupture+1","Shrug It Off"],"relics":["Burning Blood","Orichalcum","Letter Opener","Nunchaku","SsserpentHead","Pandora's Box","Red Mask","Smiling Mask"],"gold":417,"campfire_rested":0,"campfire_upgraded":4,"purchased_purges":1,"potions_floor_spawned":[7,12,16,20,21],"potions_floor_usage":[20,20,24,24],"current_hp_per_floor":[81,81,86,74,74,74,84,61,61,61,61,68,66,66,66,35,90,74,74,69,50,50,50,0],"max_hp_per_floor":[83,83,88,88,88,88,92,96,96,96,96,100,104,104,104,108,108,111,111,118,118,118,118,118],"gold_per_floor":[116,41,41,41,41,41,60,95,95,95,95,114,180,330,330,401,401,412,364,440,452,417,417,417],"path_per_floor":["M","$","?","?","?","R","M","E","T","R","?","M","M","?","R","B",null,"M","$","?","M","?","R","E"],"path_taken":["M","$","?","?","?","R","M","E","T","R","?","M","?","?","R","BOSS","M","$","?","M","?","R","E"],"items_purchased":["Shrug It Off"],"item_purchase_floors":[19],"items_purged":["Strike_R"],"items_purged_floors":[2],"character_chosen":"IRONCLAD","card_choices":[{"picked":"Sword Boomerang","not_picked":["Anger","Perfected Strike"],"floor":1},{"picked":"Metallicize","not_picked":["Searing Blow","Perfected Strike"],"floor":7},{"picked":"Pommel Strike","not_picked":["Power Through","Clash"],"floor":8},{"picked":"SKIP","not_picked":["Perfected Strike","Armaments","Iron Wave"],"floor":12},{"picked":"Inflame","not_picked":["Second Wind","Reckless Charge"],"floor":13},{"picked":"Berserk","not_picked":["Juggernaut","Corruption"],"floor":16},{"picked":"Rupture","not_picked":["Carnage","Rampage"],"floor":18},{"picked":"SKIP","not_picked":["Clothesline","Entrench","Uppercut"],"floor":21}],"event_choices":[{"event_name":"Big Fish","player_choice":"Donut","floor":3,"cards_obtained":null,"cards_removed":null,"cards_transformed":null,"cards_upgraded":null,"relics_obtained":null,"potions_obtained":null,"relics_lost":null,"damage_taken":0,"damage_healed":0,"max_hp_loss":0,"max_hp_gain":5,"gold_gain":0,"gold_loss":0},{"event_name":"Scrap Ooze","player_choice":"Success","floor":4,"cards_obtained":null,"cards_removed":null,"cards_transformed":null,"cards_upgraded":null,"relics_obtained":["Orichalcum"],"potions_obtained":null,"relics_lost":null,"damage_taken":12,"damage_healed":0,"max_hp_loss":0,"max_hp_gain":0,"gold_gain":0,"gold_loss":0},{"event_name":"The Cleric","player_choice":"Leave","floor":5,"cards_obtained":null,"cards_removed":null,"cards_transformed":null,"cards_upgraded":null,"relics_obtained":null,"potions_obtained":null,"relics_lost":null,"damage_taken":0,"damage_healed":0,"max_hp_loss":0,"max_hp_gain":0,"gold_gain":0,"gold_loss":0},{"event_name":"FaceTrader","player_choice":"Trade","floor":11,"cards_obtained":null,"cards_removed":null,"cards_transformed":null,"cards_upgraded":null,"relics_obtained":["SsserpentHead"],"potions_obtained":null,"relics_lost":null,"damage_taken":0,"damage_healed":0,"max_hp_loss":0,"max_hp_gain":0,"gold_gain":0,"gold_loss":0},{"event_name":"Golden Shrine","player_choice":"Pray","floor":14,"cards_obtained":null,"cards_removed":null,"cards_transformed":null,"cards_upgraded":null,"relics_obtained":null,"potions_obtained":null,"relics_lost":null,"damage_taken":0,"damage_healed":0,"max_hp_loss":0,"max_hp_gain":0,"gold_gain":100,"gold_loss":0},{"event_name":"Masked Bandits","player_choice":"Fought Bandits","floor":20,"cards_obtained":null,"cards_removed":null,"cards_transformed":null,"cards_upgraded":null,"relics_obtained":null,"potions_obtained":null,"relics_lost":null,"damage_taken":0,"damage_healed":0,"max_hp_loss":0,"max_hp_gain":0,"gold_gain":0,"gold_loss":0},{"event_name":"Addict","player_choice":"Obtained Relic","floor":22,"cards_obtained":null,"cards_removed":null,"cards_transformed":null,"cards_upgraded":null,"relics_obtained":["Smiling Mask"],"potions_obtained":null,"relics_lost":null,"damage_taken":0,"damage_healed":0,"max_hp_loss":0,"max_hp_gain":0,"gold_gain":0,"gold_loss":85}],"boss_relics":[{"picked":"Pandora's Box","not_picked":["SacredBark","Philosopher's Stone"]}],"damage_taken":[{"floor":1,"enemies":"2 Louse","damage":0,"turns":3},{"floor":7,"enemies":"Small Slimes","damage":0,"turns":3},{"floor":8,"enemies":"Lagavulin","damage":33,"turns":8},{"floor":12,"enemies":"Cultist","damage":3,"turns":5},{"floor":13,"enemies":"Looter","damage":12,"turns":5},{"floor":16,"enemies":"Slime Boss","damage":41,"turns":9},{"floor":18,"enemies":"Chosen","damage":25,"turns":5},{"floor":20,"enemies":"Masked Bandits","damage":41,"turns":4},{"floor":21,"enemies":"Shell Parasite","damage":25,"turns":4},{"floor":24,"enemies":"Gremlin Leader","damage":57,"turns":4}],"potions_obtained":[{"key":"BloodPotion","floor":7},{"key":"FearPotion","floor":12},{"key":"DuplicationPotion","floor":20},{"key":"SteroidPotion","floor":21}],"relics_obtained":[{"key":"Letter Opener","floor":8},{"key":"Nunchaku","floor":9},{"key":"Red Mask","floor":20}],"campfire_choices":[{"floor":6,"key":"SMITH","data":"Feed"},{"floor":10,"key":"SMITH","data":"Bash"},{"floor":15,"key":"SMITH","data":"Inflame"},{"floor":23,"key":"SMITH","data":"Rupture"}],"circlet_count":0,"win_rate":0,"killed_by":"Gremlin Leader"}