{"play_id":"72211a4a-5dd8-4e05-b610-38c54fecac49","build_version":"2020-01-27","seed_played":"-1224359622109201477","chose_seed":false,"seed_source_timestamp":0,"is_daily":false,"special_seed":0,"is_trial":false,"is_endless":false,"is_ascension_mode":true,"ascension_level":13,"neow_bonus":"TEN_PERCENT_HP_BONUS","neow_cost":"NONE","is_beta":false,"is_prod":false,"victory":false,"floor_reached":16,"score":198,"timestamp":1711888578,"local_time":"03/31/2024 12:36:18","playtime":1370,"player_experience":604382,"master_deck":["AscendersBane","Strike_R","Strike_R","Strike_R","Strike_R","Strike_R","Defend_R","Defend_R","Defend_R","Bash+1","Ghostly Armor","Flex+1","Sword Boomerang+1","Cleave","Flame Barrier","Cleave","Offering+1","Anger","Uppercut"],"relics":["Burning Blood","Ginger","Old Coin","Ornamental Fan","Oddly Smooth Stone"],"gold":550,"campfire_rested":0,"campfire_upgraded":4,"purchased_purges":1,"potions_floor_spawned":[2,4,12,14],"potions_floor_usage":[16],"current_hp_per_floor":[80,76,76,80,74,74,74,74,74,52,52,38,24,10,10,0],"max_hp_per_floor":[88,88,88,88,88,88,88,88,88,88,88,88,88,88,88,88],"gold_per_floor":[109,126,5,16,36,36,136,136,136,470,470,498,517,550,550,550],"path_per_floor":["M","M","$","M","M","R","?","R","T","E","R","E","M","E","R","B"],"path_taken":["M","M","$","M","M","R","?","R","T","E","R","E","M","E","R","BOSS"],"items_purchased":["Sword Boomerang"],"item_purchase_floors":[3],"items_purged":["Defend_R"],"items_purged_floors":[3],"character_chosen":"IRONCLAD","card_choices":[{"picked":"Ghostly Armor","not_picked":["Anger","Clothesline"],"floor":1},{"picked":"Flex","not_picked":["Ghostly Armor","Reckless Charge"],"floor":2},{"picked":"Cleave","not_picked":["True Grit","Twin Strike"],"floor":4},{"picked":"Flame Barrier","not_picked":["Carnage","Anger"],"floor":5},{"picked":"Cleave","not_picked":["Rage","Second Wind"],"floor":10},{"picked":"Offering","not_picked":["Feel No Pain","Armaments"],"floor":12},{"picked":"Anger","not_picked":["Armaments","Bloodletting"],"floor":13},{"picked":"Uppercut","not_picked":["Iron Wave","Corruption"],"floor":14}],"event_choices":[{"event_name":"Golden Shrine","player_choice":"Pray","floor":7,"cards_obtained":null,"cards_removed":null,"cards_transformed":null,"cards_upgraded":null,"relics_obtained":null,"potions_obtained":null,"relics_lost":null,"damage_taken":0,"damage_healed":0,"max_hp_loss":0,"max_hp_gain":0,"gold_gain":100,"gold_loss":0}],"boss_relics":[],"damage_taken":[{"floor":1,"enemies":"2 Louse","damage":6,"turns":4},{"floor":2,"enemies":"Cultist","damage":10,"turns":5},{"floor":4,"enemies":"Jaw Worm","damage":2,"turns":3},{"floor":5,"enemies":"2 Fungi Beasts","damage":12,"turns":3},{"floor":10,"enemies":"3 Sentries","damage":28,"turns":10},{"floor":12,"enemies":"Lagavulin","damage":20,"turns":5},{"floor":13,"enemies":"Red Slaver","damage":20,"turns":2},{"floor":14,"enemies":"Gremlin Nob","damage":20,"turns":3},{"floor":16,"enemies":"Hexaghost","damage":12,"turns":7}],"potions_obtained":[{"key":"Weak Potion","floor":2},{"key":"Ancient Potion","floor":4}],"relics_obtained":[{"key":"Ginger","floor":9},{"key":"Old Coin","floor":10},{"key":"Ornamental Fan","floor":12},{"key":"Oddly Smooth Stone","floor":14}],"campfire_choices":[{"floor":6,"key":"SMITH","data":"Bash"},{"floor":8,"key":"SMITH","data":"Flex"},{"floor":11,"key":"SMITH","data":"Sword Boomerang"},{"floor":15,"key":"SMITH","data":"Offering"}],"circlet_count":0,"win_rate":0,"killed_by":"Hexaghost"}