{"play_id":"682cda01-190e-4c3f-bd83-f96b077f9d57","build_version":"2020-01-27","seed_played":"2817984594251490698","chose_seed":false,"seed_source_timestamp":5348823769622,"is_daily":false,"special_seed":null,"is_trial":false,"is_endless":false,"is_ascension_mode":true,"ascension_level":13,"neow_bonus":"ONE_RANDOM_RARE_CARD","neow_cost":"NONE","is_beta":false,"is_prod":false,"victory":false,"floor_reached":8,"score":76,"timestamp":1711716227,"local_time":"03/29/2024 12:43:47","playtime":203,"player_experience":600481,"master_deck":["AscendersBane","Strike_R","Strike_R","Strike_R","Strike_R","Strike_R","Defend_R","Defend_R","Defend_R","Defend_R","Bash","Demon Form+1","Flame Barrier","Doubt","Thunderclap","Rupture"],"relics":["Burning Blood","Golden Idol"],"gold":284,"campfire_rested":0,"campfire_upgraded":1,"purchased_purges":0,"potions_floor_spawned":[1,4],"potions_floor_usage":[4],"current_hp_per_floor":[71,71,51,34,54,58,58,0],"max_hp_per_floor":[80,80,80,80,80,80,80,80],"gold_per_floor":[110,285,285,298,263,284,284,284],"path_per_floor":["M","?","?","M","?","M","R","E"],"path_taken":["M","?","?","M","?","M","R","E"],"items_purchased":[],"item_purchase_floors":[],"items_purged":[],"items_purged_floors":[],"character_chosen":"IRONCLAD","card_choices":[{"picked":"Flame Barrier","not_picked":["Intimidate","Battle Trance"],"floor":1},{"picked":"Thunderclap","not_picked":["Perfected Strike","Armaments"],"floor":4},{"picked":"Rupture","not_picked":["Carnage","Anger"],"floor":6}],"event_choices":[{"event_name":"Liars Game","player_choice":"AGREE","floor":2,"cards_obtained":["Doubt"],"cards_removed":null,"cards_transformed":null,"cards_upgraded":null,"relics_obtained":null,"potions_obtained":null,"relics_lost":null,"damage_taken":0,"damage_healed":0,"max_hp_loss":0,"max_hp_gain":0,"gold_gain":175,"gold_loss":0},{"event_name":"Golden Idol","player_choice":"Take Damage","floor":3,"cards_obtained":null,"cards_removed":null,"cards_transformed":null,"cards_upgraded":null,"relics_obtained":["Golden Idol"],"potions_obtained":null,"relics_lost":null,"damage_taken":20,"damage_healed":0,"max_hp_loss":0,"max_hp_gain":0,"gold_gain":0,"gold_loss":0},{"event_name":"The Cleric","player_choice":"Healed","floor":5,"cards_obtained":null,"cards_removed":null,"cards_transformed":null,"cards_upgraded":null,"relics_obtained":null,"potions_obtained":null,"relics_lost":null,"damage_taken":0,"damage_healed":20,"max_hp_loss":0,"max_hp_gain":0,"gold_gain":0,"gold_loss":35}],"boss_relics":[],"damage_taken":[{"floor":1,"enemies":"2 Louse","damage":7,"turns":3},{"floor":4,"enemies":"Jaw Worm","damage":23,"turns":4},{"floor":6,"enemies":"Small Slimes","damage":2,"turns":5},{"floor":8,"enemies":"Gremlin Nob","damage":63,"turns":5}],"potions_obtained":[{"key":"SneckoOil","floor":1},{"key":"Strength Potion","floor":4}],"relics_obtained":[],"campfire_choices":[{"floor":7,"key":"SMITH","data":"Demon Form"}],"circlet_count":0,"win_rate":0,"killed_by":"Gremlin Nob"}