{"play_id":"1bfde647-208f-4317-9504-56b67f499af6","build_version":"2020-01-27","seed_played":"-7645015512546522774","chose_seed":false,"seed_source_timestamp":47939179705,"is_daily":false,"special_seed":null,"is_trial":false,"is_endless":false,"is_ascension_mode":true,"ascension_level":13,"neow_bonus":"THREE_ENEMY_KILL","neow_cost":"NONE","is_beta":false,"is_prod":false,"victory":false,"floor_reached":14,"score":152,"timestamp":1711832077,"local_time":"03/30/2024 20:54:37","playtime":850,"player_experience":603532,"master_deck":["AscendersBane","Strike_R","Strike_R","Defend_R","Defend_R","Defend_R","Defend_R","Bash","Combust","Feel No Pain","Hemokinesis","Thunderclap","Disarm","Intimidate","Dual Wield"],"relics":["Burning Blood","NeowsBlessing","Omamori","Ancient Tea Set","Darkstone Periapt"],"gold":351,"campfire_rested":0,"campfire_upgraded":0,"purchased_purges":0,"potions_floor_spawned":[2,5],"potions_floor_usage":[7,12],"current_hp_per_floor":[78,80,73,73,79,36,44,44,44,30,30,8,8,0],"max_hp_per_floor":[80,80,80,80,80,80,80,80,80,80,80,80,80,80],"gold_per_floor":[113,126,126,76,87,121,139,139,139,156,156,176,351,351],"path_per_floor":["M","M","?","?","M","E","M","T","T","M","?","M","?","M"],"path_taken":["M","M","?","?","M","E","M","?","T","M","?","M","?","M"],"items_purchased":[],"item_purchase_floors":[],"items_purged":[],"items_purged_floors":[],"character_chosen":"IRONCLAD","card_choices":[{"picked":"Combust","not_picked":["Havoc","Iron Wave"],"floor":1},{"picked":"Feel No Pain","not_picked":["Pommel Strike","Warcry"],"floor":2},{"picked":"Hemokinesis","not_picked":["Carnage","Anger"],"floor":5},{"picked":"Thunderclap","not_picked":["Rampage","Clash"],"floor":6},{"picked":"Disarm","not_picked":["Rampage","Pommel Strike"],"floor":7},{"picked":"SKIP","not_picked":["Power Through","Fire Breathing","Sever Soul"],"floor":10},{"picked":"Dual Wield","not_picked":["Twin Strike","Fire Breathing"],"floor":12}],"event_choices":[{"event_name":"Golden Wing","player_choice":"Card Removal","floor":3,"cards_obtained":null,"cards_removed":["Strike_R"],"cards_transformed":null,"cards_upgraded":null,"relics_obtained":null,"potions_obtained":null,"relics_lost":null,"damage_taken":7,"damage_healed":0,"max_hp_loss":0,"max_hp_gain":0,"gold_gain":0,"gold_loss":0},{"event_name":"The Cleric","player_choice":"Card Removal","floor":4,"cards_obtained":null,"cards_removed":["Strike_R"],"cards_transformed":null,"cards_upgraded":null,"relics_obtained":null,"potions_obtained":null,"relics_lost":null,"damage_taken":0,"damage_healed":0,"max_hp_loss":0,"max_hp_gain":0,"gold_gain":0,"gold_loss":50},{"event_name":"Living Wall","player_choice":"Change","floor":11,"cards_obtained":["Intimidate"],"cards_removed":null,"cards_transformed":["Strike_R"],"cards_upgraded":null,"relics_obtained":null,"potions_obtained":null,"relics_lost":null,"damage_taken":0,"damage_healed":0,"max_hp_loss":0,"max_hp_gain":0,"gold_gain":0,"gold_loss":0},{"event_name":"Liars Game","player_choice":"AGREE","floor":13,"cards_obtained":["Doubt"],"cards_removed":null,"cards_transformed":null,"cards_upgraded":null,"relics_obtained":null,"potions_obtained":null,"relics_lost":null,"damage_taken":0,"damage_healed":0,"max_hp_loss":0,"max_hp_gain":0,"gold_gain":175,"gold_loss":0}],"boss_relics":[],"damage_taken":[{"floor":1,"enemies":"Jaw Worm","damage":0,"turns":1},{"floor":2,"enemies":"Small Slimes","damage":0,"turns":1},{"floor":5,"enemies":"2 Louse","damage":0,"turns":2},{"floor":6,"enemies":"Lagavulin","damage":49,"turns":7},{"floor":7,"enemies":"2 Fungi Beasts","damage":12,"turns":5},{"floor":10,"enemies":"Large Slime","damage":20,"turns":5},{"floor":12,"enemies":"Gremlin Gang","damage":28,"turns":4},{"floor":14,"enemies":"Lots of Slimes","damage":13,"turns":2}],"potions_obtained":[{"key":"Regen Potion","floor":2},{"key":"LiquidBronze","floor":5}],"relics_obtained":[{"key":"Omamori","floor":6},{"key":"Ancient Tea Set","floor":8},{"key":"Darkstone Periapt","floor":9}],"campfire_choices":[],"circlet_count":0,"win_rate":0,"killed_by":"Lots of Slimes"}