{"play_id":"983dd903-d3ef-4ca4-847a-041bea49d547","build_version":"2020-01-27","seed_played":"-8221539603106798498","chose_seed":false,"seed_source_timestamp":2930135276558,"is_daily":false,"special_seed":null,"is_trial":false,"is_endless":false,"is_ascension_mode":true,"ascension_level":13,"neow_bonus":"THREE_ENEMY_KILL","neow_cost":"NONE","is_beta":false,"is_prod":false,"victory":false,"floor_reached":16,"score":236,"timestamp":1711283491,"local_time":"03/24/2024 12:31:31","playtime":368,"player_experience":593363,"master_deck":["AscendersBane","Strike_R+1","Strike_R","Strike_R","Strike_R","Strike_R","Defend_R","Defend_R","Defend_R","Defend_R+1","Bash","Cleave","Carnage+1","Cleave","Flex+1","Flex+1","Whirlwind","Pummel"],"relics":["Burning Blood","NeowsBlessing","Omamori","Question Card","Anchor","Bag of Preparation","White Beast Statue"],"gold":240,"campfire_rested":0,"campfire_upgraded":3,"purchased_purges":0,"potions_floor_spawned":[4,10,12,14],"potions_floor_usage":[13,16],"current_hp_per_floor":[78,62,62,68,68,68,74,74,74,60,42,48,24,30,30,0],"max_hp_per_floor":[80,80,80,80,80,80,80,80,80,80,80,80,80,80,80,80],"gold_per_floor":[114,114,42,57,57,57,90,90,161,192,192,203,228,240,240,240],"path_per_floor":["M","?","$","M","$","R","E","R","T","E","?","M","E","M","R","B"],"path_taken":["M","?","$","M","$","R","E","R","T","E","?","M","E","M","R","BOSS"],"items_purchased":["Carnage"],"item_purchase_floors":[3],"items_purged":[],"items_purged_floors":[],"character_chosen":"IRONCLAD","card_choices":[{"picked":"Cleave","not_picked":["Shrug It Off","True Grit"],"floor":1},{"picked":"Cleave","not_picked":["Clothesline","Iron Wave"],"floor":4},{"picked":"Flex","not_picked":["Barricade","Cleave"],"floor":7},{"picked":"Flex","not_picked":["Blood for Blood","Reckless Charge","Battle Trance"],"floor":10},{"picked":"Whirlwind","not_picked":["Shrug It Off","Cleave","Feel No Pain"],"floor":12},{"picked":"Pummel","not_picked":["Clothesline","Perfected Strike","Thunderclap"],"floor":13},{"picked":"SKIP","not_picked":["Sever Soul","Sentinel","Sword Boomerang","Rampage"],"floor":14}],"event_choices":[{"event_name":"Shining Light","player_choice":"Entered Light","floor":2,"cards_obtained":null,"cards_removed":null,"cards_transformed":null,"cards_upgraded":["Defend_R","Strike_R"],"relics_obtained":null,"potions_obtained":null,"relics_lost":null,"damage_taken":16,"damage_healed":0,"max_hp_loss":0,"max_hp_gain":0,"gold_gain":0,"gold_loss":0},{"event_name":"Scrap Ooze","player_choice":"Success","floor":11,"cards_obtained":null,"cards_removed":null,"cards_transformed":null,"cards_upgraded":null,"relics_obtained":["Bag of Preparation"],"potions_obtained":null,"relics_lost":null,"damage_taken":18,"damage_healed":0,"max_hp_loss":0,"max_hp_gain":0,"gold_gain":0,"gold_loss":0}],"boss_relics":[],"damage_taken":[{"floor":1,"enemies":"Small Slimes","damage":0,"turns":2},{"floor":4,"enemies":"Jaw Worm","damage":0,"turns":1},{"floor":7,"enemies":"Gremlin Nob","damage":0,"turns":1},{"floor":10,"enemies":"3 Sentries","damage":20,"turns":6},{"floor":12,"enemies":"Cultist","damage":0,"turns":2},{"floor":13,"enemies":"Lagavulin","damage":30,"turns":6},{"floor":14,"enemies":"Looter","damage":0,"turns":1},{"floor":16,"enemies":"Slime Boss","damage":36,"turns":4}],"potions_obtained":[{"key":"DuplicationPotion","floor":4},{"key":"SmokeBomb","floor":10},{"key":"EssenceOfSteel","floor":12},{"key":"BlessingOfTheForge","floor":14}],"relics_obtained":[{"key":"Omamori","floor":7},{"key":"Question Card","floor":9},{"key":"Anchor","floor":10},{"key":"White Beast Statue","floor":13}],"campfire_choices":[{"floor":6,"key":"SMITH","data":"Carnage"},{"floor":8,"key":"SMITH","data":"Flex"},{"floor":15,"key":"SMITH","data":"Flex"}],"circlet_count":0,"win_rate":0,"killed_by":"Slime Boss"}