{"play_id":"26c4612d-7b41-42b7-a2c0-5519b570c14d","build_version":"2020-01-27","seed_played":"5620411167112285044","chose_seed":false,"seed_source_timestamp":0,"is_daily":false,"special_seed":0,"is_trial":false,"is_endless":false,"is_ascension_mode":true,"ascension_level":13,"neow_bonus":"BOSS_RELIC","neow_cost":"NONE","is_beta":false,"is_prod":false,"victory":false,"floor_reached":12,"score":145,"timestamp":1711313016,"local_time":"03/24/2024 20:43:36","playtime":509,"player_experience":593731,"master_deck":["AscendersBane","Strike_R","Strike_R","Strike_R","Strike_R+1","Strike_R","Defend_R","Defend_R","Defend_R","Defend_R","Bash","Thunderclap+1","Burning Pact","Doubt","Dropkick+1","Dropkick","True Grit"],"relics":["SacredBark","InkBottle","Lee's Waffle","Whetstone","The Courier","Lantern","Bag of Marbles"],"gold":99,"campfire_rested":0,"campfire_upgraded":1,"purchased_purges":0,"potions_floor_spawned":[2,10],"potions_floor_usage":[6,11],"current_hp_per_floor":[66,58,58,40,87,47,47,36,36,32,8,0],"max_hp_per_floor":[80,80,80,80,87,87,87,87,87,87,87,87],"gold_per_floor":[109,121,296,296,7,38,38,50,50,65,99,99],"path_per_floor":["M","M","?","?","$","E","R","M","T","M","E","M"],"path_taken":["M","?","?","?","?","E","R","M","T","M","E","M"],"items_purchased":["Lee's Waffle","Whetstone"],"item_purchase_floors":[5,5],"items_purged":[],"items_purged_floors":[],"character_chosen":"IRONCLAD","card_choices":[{"picked":"Thunderclap","not_picked":["True Grit","Blood for Blood"],"floor":1},{"picked":"Burning Pact","not_picked":["Sword Boomerang","Blood for Blood"],"floor":2},{"picked":"Dropkick","not_picked":["Headbutt","Shrug It Off"],"floor":6},{"picked":"Dropkick","not_picked":["Intimidate","Cleave"],"floor":8},{"picked":"True Grit","not_picked":["Sword Boomerang","Dual Wield"],"floor":10},{"picked":"SKIP","not_picked":["Warcry","Sever Soul","Body Slam"],"floor":11}],"event_choices":[{"event_name":"Liars Game","player_choice":"AGREE","floor":3,"cards_obtained":["Doubt"],"cards_removed":null,"cards_transformed":null,"cards_upgraded":null,"relics_obtained":null,"potions_obtained":null,"relics_lost":null,"damage_taken":0,"damage_healed":0,"max_hp_loss":0,"max_hp_gain":0,"gold_gain":175,"gold_loss":0},{"event_name":"Scrap Ooze","player_choice":"Success","floor":4,"cards_obtained":null,"cards_removed":null,"cards_transformed":null,"cards_upgraded":null,"relics_obtained":["InkBottle"],"potions_obtained":null,"relics_lost":null,"damage_taken":18,"damage_healed":0,"max_hp_loss":0,"max_hp_gain":0,"gold_gain":0,"gold_loss":0}],"boss_relics":[],"damage_taken":[{"floor":1,"enemies":"Cultist","damage":6,"turns":4},{"floor":2,"enemies":"2 Louse","damage":8,"turns":3},{"floor":6,"enemies":"3 Sentries","damage":40,"turns":12},{"floor":8,"enemies":"Jaw Worm","damage":11,"turns":4},{"floor":10,"enemies":"2 Fungi Beasts","damage":4,"turns":3},{"floor":11,"enemies":"Lagavulin","damage":24,"turns":6},{"floor":12,"enemies":"Blue Slaver","damage":8,"turns":1}],"potions_obtained":[{"key":"DuplicationPotion","floor":2},{"key":"SkillPotion","floor":10}],"relics_obtained":[{"key":"The Courier","floor":6},{"key":"Lantern","floor":9},{"key":"Bag of Marbles","floor":11}],"campfire_choices":[{"floor":7,"key":"SMITH","data":"Dropkick"}],"circlet_count":0,"win_rate":0,"killed_by":"Blue Slaver"}