{"play_id":"45d811db-e047-453a-b7ec-4d3040991488","build_version":"2020-01-27","seed_played":"1469153325572823788","chose_seed":false,"seed_source_timestamp":5372631358730,"is_daily":false,"special_seed":null,"is_trial":false,"is_endless":false,"is_ascension_mode":true,"ascension_level":13,"neow_bonus":"THREE_ENEMY_KILL","neow_cost":"NONE","is_beta":false,"is_prod":false,"victory":false,"floor_reached":33,"score":457,"timestamp":1711724244,"local_time":"03/29/2024 14:57:24","playtime":1192,"player_experience":600684,"master_deck":["AscendersBane","Defend_R+1","Defend_R","Bash+1","Thunderclap+1","Anger","Sword Boomerang","Clothesline","Blood for Blood","Flex+1","Headbutt","Barricade+1","Ghostly Armor+1","Bludgeon+1","Cleave+1","Rampage+1","Writhe","Flex+1","Second Wind+1","Power Through","Headbutt","Uppercut+1"],"relics":["Burning Blood","NeowsBlessing","Gambling Chip","Du-Vu Doll","Lizard Tail","Astrolabe","Boot","Blood Vial","Nunchaku","Shuriken"],"gold":0,"campfire_rested":0,"campfire_upgraded":5,"purchased_purges":3,"potions_floor_spawned":[4,7,16,21,28,29],"potions_floor_usage":[11,18,24,24,33,33,33],"current_hp_per_floor":[78,80,80,80,85,71,69,52,52,52,33,31,31,37,37,22,69,66,66,66,47,47,47,46,46,46,31,39,32,32,32,32,0],"max_hp_per_floor":[80,80,80,80,85,85,85,85,85,85,85,85,85,85,85,85,85,85,85,85,85,85,85,85,85,85,85,85,85,85,85,85,85],"gold_per_floor":[117,131,56,69,69,95,115,115,115,15,49,64,64,76,76,147,147,160,259,259,274,274,274,305,305,330,343,356,374,0,0,0,0],"path_per_floor":["M","M","$","M","?","E","M","?","T","$","E","M","R","M","R","B",null,"M","?","?","M","?","R","E","R","T","M","M","M","$","?","R","B"],"path_taken":["M","M","$","M","?","E","M","?","T","?","E","?","R","M","R","BOSS","M","?","?","M","?","R","E","R","T","M","?","M","$","?","R","BOSS"],"items_purchased":["Shuriken"],"item_purchase_floors":[30],"items_purged":["Strike_R","Strike_R","Strike_R"],"items_purged_floors":[3,10,30],"character_chosen":"IRONCLAD","card_choices":[{"picked":"Thunderclap","not_picked":["Clash","Shrug It Off"],"floor":1},{"picked":"Anger","not_picked":["Clash","Shockwave"],"floor":2},{"picked":"Sword Boomerang","not_picked":["Flex","Havoc"],"floor":4},{"picked":"SKIP","not_picked":["Headbutt","Twin Strike","Feel No Pain"],"floor":6},{"picked":"Clothesline","not_picked":["Sword Boomerang","Thunderclap"],"floor":7},{"picked":"Blood for Blood","not_picked":["Bludgeon","Flex"],"floor":11},{"picked":"Flex","not_picked":["Havoc","Headbutt"],"floor":12},{"picked":"Headbutt","not_picked":["Sentinel","Seeing Red"],"floor":14},{"picked":"Barricade","not_picked":["Bludgeon","Juggernaut"],"floor":16},{"picked":"Rampage+1","not_picked":["Cleave","Sentinel"],"floor":18},{"picked":"Flex+1","not_picked":["Warcry","Sentinel"],"floor":21},{"picked":"Second Wind","not_picked":["Juggernaut","Flex"],"floor":24},{"picked":"SKIP","not_picked":["Infernal Blade","Anger","Body Slam"],"floor":27},{"picked":"Power Through","not_picked":["Clothesline+1","Sword Boomerang"],"floor":28},{"picked":"Headbutt","not_picked":["Rage","Anger"],"floor":29}],"event_choices":[{"event_name":"Big Fish","player_choice":"Donut","floor":5,"cards_obtained":null,"cards_removed":null,"cards_transformed":null,"cards_upgraded":null,"relics_obtained":null,"potions_obtained":null,"relics_lost":null,"damage_taken":0,"damage_healed":0,"max_hp_loss":0,"max_hp_gain":5,"gold_gain":0,"gold_loss":0},{"event_name":"Shining Light","player_choice":"Entered Light","floor":8,"cards_obtained":null,"cards_removed":null,"cards_transformed":null,"cards_upgraded":["Thunderclap","Defend_R"],"relics_obtained":null,"potions_obtained":null,"relics_lost":null,"damage_taken":17,"damage_healed":0,"max_hp_loss":0,"max_hp_gain":0,"gold_gain":0,"gold_loss":0},{"event_name":"Nest","player_choice":"Stole From Cult","floor":19,"cards_obtained":null,"cards_removed":null,"cards_transformed":null,"cards_upgraded":null,"relics_obtained":null,"potions_obtained":null,"relics_lost":null,"damage_taken":0,"damage_healed":0,"max_hp_loss":0,"max_hp_gain":0,"gold_gain":99,"gold_loss":0},{"event_name":"The Mausoleum","player_choice":"Opened","floor":20,"cards_obtained":["Writhe"],"cards_removed":null,"cards_transformed":null,"cards_upgraded":null,"relics_obtained":["Boot"],"potions_obtained":null,"relics_lost":null,"damage_taken":0,"damage_healed":0,"max_hp_loss":0,"max_hp_gain":0,"gold_gain":0,"gold_loss":0},{"event_name":"Ghosts","player_choice":"Ignored","floor":22,"cards_obtained":null,"cards_removed":null,"cards_transformed":null,"cards_upgraded":null,"relics_obtained":null,"potions_obtained":null,"relics_lost":null,"damage_taken":0,"damage_healed":0,"max_hp_loss":0,"max_hp_gain":0,"gold_gain":0,"gold_loss":0},{"event_name":"Transmorgrifier","player_choice":"Transformed","floor":31,"cards_obtained":["Uppercut"],"cards_removed":null,"cards_transformed":["Defend_R"],"cards_upgraded":null,"relics_obtained":null,"potions_obtained":null,"relics_lost":null,"damage_taken":0,"damage_healed":0,"max_hp_loss":0,"max_hp_gain":0,"gold_gain":0,"gold_loss":0}],"boss_relics":[{"picked":"Astrolabe","not_picked":["Fusion Hammer","Black Star"]}],"damage_taken":[{"floor":1,"enemies":"Small Slimes","damage":0,"turns":1},{"floor":2,"enemies":"2 Louse","damage":0,"turns":2},{"floor":4,"enemies":"Jaw Worm","damage":0,"turns":1},{"floor":6,"enemies":"Gremlin Nob","damage":20,"turns":4},{"floor":7,"enemies":"Red Slaver","damage":8,"turns":4},{"floor":11,"enemies":"Lagavulin","damage":25,"turns":4},{"floor":12,"enemies":"Large Slime","damage":8,"turns":5},{"floor":14,"enemies":"2 Fungi Beasts","damage":0,"turns":2},{"floor":16,"enemies":"Hexaghost","damage":21,"turns":7},{"floor":18,"enemies":"2 Thieves","damage":9,"turns":3},{"floor":21,"enemies":"Spheric Guardian","damage":25,"turns":4},{"floor":24,"enemies":"Slavers","damage":57,"turns":7},{"floor":27,"enemies":"Snake Plant","damage":23,"turns":3},{"floor":28,"enemies":"3 Cultists","damage":0,"turns":3},{"floor":29,"enemies":"Snecko","damage":15,"turns":5},{"floor":33,"enemies":"Champ","damage":44,"turns":10}],"potions_obtained":[{"key":"PowerPotion","floor":4},{"key":"Weak Potion","floor":7},{"key":"Block Potion","floor":16},{"key":"GamblersBrew","floor":21},{"key":"EntropicBrew","floor":28},{"key":"ColorlessPotion","floor":29}],"relics_obtained":[{"key":"Gambling Chip","floor":6},{"key":"Du-Vu Doll","floor":9},{"key":"Lizard Tail","floor":11},{"key":"Blood Vial","floor":24},{"key":"Nunchaku","floor":26}],"campfire_choices":[{"floor":13,"key":"SMITH","data":"Flex"},{"floor":15,"key":"SMITH","data":"Bash"},{"floor":23,"key":"SMITH","data":"Barricade"},{"floor":25,"key":"SMITH","data":"Second Wind"},{"floor":32,"key":"SMITH","data":"Uppercut"}],"circlet_count":0,"win_rate":0,"killed_by":"Champ"}