{"play_id":"5f6590a4-2951-4740-9629-b51a30a3f1ca","build_version":"2020-01-27","seed_played":"6175201454865860029","chose_seed":false,"seed_source_timestamp":0,"is_daily":false,"special_seed":0,"is_trial":false,"is_endless":false,"is_ascension_mode":true,"ascension_level":13,"neow_bonus":"THREE_ENEMY_KILL","neow_cost":"NONE","is_beta":false,"is_prod":false,"victory":false,"floor_reached":25,"score":460,"timestamp":1711649446,"local_time":"03/28/2024 18:10:46","playtime":721,"player_experience":599760,"master_deck":["AscendersBane","Strike_R","Strike_R","Strike_R","Defend_R","Defend_R","Defend_R","Defend_R","Bash+1","Twin Strike+1","Hemokinesis","Pummel","Inflame+1","Juggernaut","Battle Trance+1","Twin Strike","Armaments","Flex+1","Trip","Double Tap"],"relics":["Burning Blood","NeowsBlessing","Golden Idol","Orichalcum","Self Forming Clay","StrikeDummy","Shuriken","Black Star","Red Mask","Champion Belt","Art of War","Bottled Flame"],"gold":5,"campfire_rested":0,"campfire_upgraded":3,"purchased_purges":1,"potions_floor_spawned":[7,11,12,19,21,22,23],"potions_floor_usage":[25],"current_hp_per_floor":[78,58,47,47,47,47,53,53,53,53,59,63,47,46,46,16,64,47,15,15,16,21,27,27,0],"max_hp_per_floor":[80,80,80,80,80,80,80,80,80,80,80,80,80,80,80,80,80,80,80,80,80,80,80,80,80],"gold_per_floor":[109,109,184,39,214,214,247,247,247,247,265,278,312,330,330,424,424,449,484,484,503,526,560,5,5],"path_per_floor":["M","?","?","$","?","R","E","R","T","?","M","M","E","M","R","B","ul","M","?","?","M","M","E","$","E"],"path_taken":["M","?","?","$","?","R","E","R","T","?","M","M","E","M","R","BOSS","M","?","?","M","M","E","$","E"],"items_purchased":["Orichalcum","Trip","Bottled Flame","Double Tap"],"item_purchase_floors":[4,24,24,24],"items_purged":["Strike_R"],"items_purged_floors":[24],"character_chosen":"IRONCLAD","card_choices":[{"picked":"Twin Strike","not_picked":["True Grit","Body Slam"],"floor":1},{"picked":"Hemokinesis","not_picked":["Armaments","Perfected Strike"],"floor":7},{"picked":"SKIP","not_picked":["Anger","Entrench","Body Slam"],"floor":11},{"picked":"Pummel","not_picked":["Entrench","Dual Wield"],"floor":12},{"picked":"Inflame","not_picked":["Burning Pact","Rampage"],"floor":13},{"picked":"SKIP","not_picked":["Dual Wield","Berserk","True Grit"],"floor":14},{"picked":"Juggernaut","not_picked":["Offering","Reaper"],"floor":16},{"picked":"Battle Trance+1","not_picked":["Body Slam","Havoc"],"floor":18},{"picked":"Twin Strike","not_picked":["Headbutt","Sword Boomerang"],"floor":19},{"picked":"Flex+1","not_picked":["Havoc","Pommel Strike"],"floor":21},{"picked":"SKIP","not_picked":["Havoc","True Grit","Infernal Blade"],"floor":22},{"picked":"SKIP","not_picked":["Corruption","Second Wind","Uppercut"],"floor":23}],"event_choices":[{"event_name":"Golden Idol","player_choice":"Take Damage","floor":2,"cards_obtained":null,"cards_removed":null,"cards_transformed":null,"cards_upgraded":null,"relics_obtained":["Golden Idol"],"potions_obtained":null,"relics_lost":null,"damage_taken":20,"damage_healed":0,"max_hp_loss":0,"max_hp_gain":0,"gold_gain":0,"gold_loss":0},{"event_name":"World of Goop","player_choice":"Gather Gold","floor":3,"cards_obtained":null,"cards_removed":null,"cards_transformed":null,"cards_upgraded":null,"relics_obtained":null,"potions_obtained":null,"relics_lost":null,"damage_taken":11,"damage_healed":0,"max_hp_loss":0,"max_hp_gain":0,"gold_gain":75,"gold_loss":0},{"event_name":"Liars Game","player_choice":"AGREE","floor":5,"cards_obtained":["Doubt"],"cards_removed":null,"cards_transformed":null,"cards_upgraded":null,"relics_obtained":null,"potions_obtained":null,"relics_lost":null,"damage_taken":0,"damage_healed":0,"max_hp_loss":0,"max_hp_gain":0,"gold_gain":175,"gold_loss":0},{"event_name":"Living Wall","player_choice":"Forget","floor":10,"cards_obtained":null,"cards_removed":["Doubt"],"cards_transformed":null,"cards_upgraded":null,"relics_obtained":null,"potions_obtained":null,"relics_lost":null,"damage_taken":0,"damage_healed":0,"max_hp_loss":0,"max_hp_gain":0,"gold_gain":0,"gold_loss":0},{"event_name":"Masked Bandits","player_choice":"Fought Bandits","floor":19,"cards_obtained":null,"cards_removed":null,"cards_transformed":null,"cards_upgraded":null,"relics_obtained":null,"potions_obtained":null,"relics_lost":null,"damage_taken":0,"damage_healed":0,"max_hp_loss":0,"max_hp_gain":0,"gold_gain":0,"gold_loss":0},{"event_name":"Transmorgrifier","player_choice":"Transformed","floor":20,"cards_obtained":["Armaments"],"cards_removed":null,"cards_transformed":["Strike_R"],"cards_upgraded":null,"relics_obtained":null,"potions_obtained":null,"relics_lost":null,"damage_taken":0,"damage_healed":0,"max_hp_loss":0,"max_hp_gain":0,"gold_gain":0,"gold_loss":0}],"boss_relics":[{"picked":"Black Star","not_picked":["Snecko Eye","SlaversCollar"]}],"damage_taken":[{"floor":1,"enemies":"2 Louse","damage":0,"turns":1},{"floor":7,"enemies":"Lagavulin","damage":0,"turns":1},{"floor":11,"enemies":"Jaw Worm","damage":0,"turns":1},{"floor":12,"enemies":"Small Slimes","damage":2,"turns":2},{"floor":13,"enemies":"Gremlin Nob","damage":22,"turns":4},{"floor":14,"enemies":"Looter","damage":7,"turns":2},{"floor":16,"enemies":"The Guardian","damage":36,"turns":9},{"floor":18,"enemies":"2 Thieves","damage":23,"turns":4},{"floor":19,"enemies":"Masked Bandits","damage":38,"turns":4},{"floor":21,"enemies":"Chosen","damage":5,"turns":3},{"floor":22,"enemies":"Centurion and Healer","damage":1,"turns":3},{"floor":23,"enemies":"Gremlin Leader","damage":0,"turns":6},{"floor":25,"enemies":"Slavers","damage":31,"turns":3}],"potions_obtained":[{"key":"SneckoOil","floor":7},{"key":"Ancient Potion","floor":11},{"key":"SkillPotion","floor":12},{"key":"Strength Potion","floor":19},{"key":"DuplicationPotion","floor":21},{"key":"DistilledChaos","floor":22},{"key":"HeartOfIron","floor":23}],"relics_obtained":[{"key":"Self Forming Clay","floor":7},{"key":"StrikeDummy","floor":9},{"key":"Shuriken","floor":13},{"key":"Red Mask","floor":19},{"key":"Champion Belt","floor":23},{"key":"Art of War","floor":23}],"campfire_choices":[{"floor":6,"key":"SMITH","data":"Bash"},{"floor":8,"key":"SMITH","data":"Twin Strike"},{"floor":15,"key":"SMITH","data":"Inflame"}],"circlet_count":0,"win_rate":0,"killed_by":"Slavers"}