{"play_id":"bdb17765-1860-4dea-b4e1-8a68444178e0","build_version":"2020-01-27","seed_played":"7489247723191116588","chose_seed":false,"seed_source_timestamp":819730629885,"is_daily":false,"special_seed":null,"is_trial":false,"is_endless":false,"is_ascension_mode":true,"ascension_level":13,"neow_bonus":"THREE_ENEMY_KILL","neow_cost":"NONE","is_beta":false,"is_prod":false,"victory":false,"floor_reached":23,"score":366,"timestamp":1712948078,"local_time":"04/12/2024 18:54:38","playtime":751,"player_experience":613550,"master_deck":["AscendersBane","Strike_R","Strike_R","Strike_R","Strike_R","Defend_R+1","Defend_R+1","Defend_R","Defend_R","Bash","Sever Soul","Fire Breathing+1","Thunderclap","Twin Strike","Power Through","Demon Form+1","Demon Form","Reckless Charge","Reckless Charge","Twin Strike"],"relics":["Burning Blood","NeowsBlessing","Blue Candle","Juzu Bracelet","Bag of Preparation","Snecko Eye","Bronze Scales"],"gold":26,"campfire_rested":0,"campfire_upgraded":2,"purchased_purges":0,"potions_floor_spawned":[1,6,12,13,16,18],"potions_floor_usage":[10,16,23],"current_hp_per_floor":[78,78,78,80,80,80,80,80,80,70,54,60,66,61,61,18,65,62,62,62,62,62,0],"max_hp_per_floor":[80,80,80,80,80,80,80,80,80,80,80,80,80,80,80,80,80,80,80,80,80,80,80],"gold_per_floor":[114,34,34,50,23,57,57,57,83,113,113,133,146,158,158,231,231,242,26,26,26,26,26],"path_per_floor":["M","$","?","M","$","E","R","?","T","E","?","M","M","M","R","B",null,"M","$","?","?","$","E"],"path_taken":["M","$","?","M","?","E","R","?","T","E","?","M","M","M","R","BOSS","M","$","?","?","?","E"],"items_purchased":["Fire Breathing","Twin Strike","Reckless Charge","Bronze Scales"],"item_purchase_floors":[2,5,19,19],"items_purged":[],"items_purged_floors":[],"character_chosen":"IRONCLAD","card_choices":[{"picked":"Sever Soul","not_picked":["Armaments","Perfected Strike"],"floor":1},{"picked":"Thunderclap","not_picked":["Uppercut","Twin Strike"],"floor":4},{"picked":"Power Through","not_picked":["Twin Strike","Iron Wave"],"floor":6},{"picked":"SKIP","not_picked":["Iron Wave","Rupture","Havoc"],"floor":10},{"picked":"Demon Form","not_picked":["Havoc","Anger"],"floor":12},{"picked":"SKIP","not_picked":["True Grit","Sever Soul","Havoc"],"floor":13},{"picked":"SKIP","not_picked":["Havoc","Infernal Blade","Sever Soul"],"floor":14},{"picked":"Demon Form","not_picked":["Berserk","Fiend Fire"],"floor":16},{"picked":"Reckless Charge","not_picked":["Rampage","Headbutt"],"floor":18}],"event_choices":[{"event_name":"Lab","player_choice":"Got Potions","floor":3,"cards_obtained":null,"cards_removed":null,"cards_transformed":null,"cards_upgraded":null,"relics_obtained":null,"potions_obtained":null,"relics_lost":null,"damage_taken":0,"damage_healed":0,"max_hp_loss":0,"max_hp_gain":0,"gold_gain":0,"gold_loss":0},{"event_name":"Bonfire Elementals","player_choice":"Offered Basic","floor":8,"cards_obtained":null,"cards_removed":["Strike_R"],"cards_transformed":null,"cards_upgraded":null,"relics_obtained":null,"potions_obtained":null,"relics_lost":null,"damage_taken":0,"damage_healed":0,"max_hp_loss":0,"max_hp_gain":0,"gold_gain":0,"gold_loss":0},{"event_name":"Shining Light","player_choice":"Entered Light","floor":11,"cards_obtained":null,"cards_removed":null,"cards_transformed":null,"cards_upgraded":["Defend_R","Defend_R"],"relics_obtained":null,"potions_obtained":null,"relics_lost":null,"damage_taken":16,"damage_healed":0,"max_hp_loss":0,"max_hp_gain":0,"gold_gain":0,"gold_loss":0},{"event_name":"Ghosts","player_choice":"Ignored","floor":20,"cards_obtained":null,"cards_removed":null,"cards_transformed":null,"cards_upgraded":null,"relics_obtained":null,"potions_obtained":null,"relics_lost":null,"damage_taken":0,"damage_healed":0,"max_hp_loss":0,"max_hp_gain":0,"gold_gain":0,"gold_loss":0},{"event_name":"The Library","player_choice":"Read","floor":21,"cards_obtained":["Twin Strike"],"cards_removed":null,"cards_transformed":null,"cards_upgraded":null,"relics_obtained":null,"potions_obtained":null,"relics_lost":null,"damage_taken":0,"damage_healed":0,"max_hp_loss":0,"max_hp_gain":0,"gold_gain":0,"gold_loss":0}],"boss_relics":[{"picked":"Snecko Eye","not_picked":["Black Blood","SlaversCollar"]}],"damage_taken":[{"floor":1,"enemies":"2 Louse","damage":0,"turns":1},{"floor":4,"enemies":"Cultist","damage":0,"turns":1},{"floor":6,"enemies":"3 Sentries","damage":0,"turns":2},{"floor":10,"enemies":"Gremlin Nob","damage":16,"turns":3},{"floor":12,"enemies":"Jaw Worm","damage":0,"turns":4},{"floor":13,"enemies":"Exordium Wildlife","damage":0,"turns":3},{"floor":14,"enemies":"Looter","damage":11,"turns":4},{"floor":16,"enemies":"The Guardian","damage":49,"turns":10},{"floor":18,"enemies":"3 Byrds","damage":9,"turns":5},{"floor":23,"enemies":"Gremlin Leader","damage":70,"turns":4}],"potions_obtained":[{"key":"Swift Potion","floor":1},{"key":"AttackPotion","floor":3},{"key":"Dexterity Potion","floor":12},{"key":"PowerPotion","floor":16}],"relics_obtained":[{"key":"Blue Candle","floor":6},{"key":"Juzu Bracelet","floor":9},{"key":"Bag of Preparation","floor":10}],"campfire_choices":[{"floor":7,"key":"SMITH","data":"Fire Breathing"},{"floor":15,"key":"SMITH","data":"Demon Form"}],"circlet_count":0,"win_rate":0,"killed_by":"Gremlin Leader"}