{"play_id":"2f7eb9c1-2b89-475d-86df-246a58b44bda","build_version":"2020-01-27","seed_played":"-4854484652627432323","chose_seed":false,"seed_source_timestamp":0,"is_daily":false,"special_seed":0,"is_trial":false,"is_endless":false,"is_ascension_mode":true,"ascension_level":13,"neow_bonus":"ONE_RANDOM_RARE_CARD","neow_cost":"NONE","is_beta":false,"is_prod":false,"victory":false,"floor_reached":23,"score":338,"timestamp":1712318938,"local_time":"04/05/2024 12:08:58","playtime":1463,"player_experience":609537,"master_deck":["AscendersBane","Strike_R","Strike_R","Defend_R","Defend_R","Defend_R","Bash","Berserk","Clothesline","Metallicize","Thunderclap","Whirlwind","Sever Soul","Burning Pact","Metallicize","Clothesline","Double Tap","Demon Form","Armaments","Feel No Pain"],"relics":["Burning Blood","Art of War","Tiny Chest","Happy Flower","Empty Cage","MealTicket"],"gold":379,"campfire_rested":1,"campfire_upgraded":0,"purchased_purges":0,"potions_floor_spawned":[2,5,10,11,14,16,18],"potions_floor_usage":[16,18],"current_hp_per_floor":[64,61,66,66,72,78,72,72,72,78,74,59,62,33,58,18,68,59,59,43,43,11,0],"max_hp_per_floor":[80,80,85,85,85,85,85,85,85,85,85,85,85,85,85,85,85,85,85,90,90,90,90],"gold_per_floor":[117,130,130,199,218,237,253,203,229,243,253,281,291,326,326,398,398,417,342,342,369,379,379],"path_per_floor":["M","M","?","?","M","M","M","?","T","M","M","E","M","E","R","B",null,"M","?","?","T","M","E"],"path_taken":["M","?","?","?","M","M","M","?","T","M","M","E","?","E","R","BOSS","M","?","?","?","?","E"],"items_purchased":[],"item_purchase_floors":[],"items_purged":[],"items_purged_floors":[],"character_chosen":"IRONCLAD","card_choices":[{"picked":"Clothesline","not_picked":["Metallicize","Disarm"],"floor":1},{"picked":"Metallicize","not_picked":["Pommel Strike","Havoc"],"floor":2},{"picked":"Thunderclap","not_picked":["Body Slam","Pommel Strike"],"floor":5},{"picked":"Whirlwind","not_picked":["Seeing Red","Sever Soul"],"floor":6},{"picked":"Sever Soul","not_picked":["Perfected Strike","True Grit"],"floor":7},{"picked":"Burning Pact","not_picked":["Perfected Strike","Sword Boomerang"],"floor":10},{"picked":"Metallicize","not_picked":["Sword Boomerang","Fire Breathing"],"floor":11},{"picked":"Clothesline","not_picked":["True Grit","Anger"],"floor":12},{"picked":"SKIP","not_picked":["Clash","Iron Wave","True Grit"],"floor":13},{"picked":"Double Tap","not_picked":["Sentinel","Pummel"],"floor":14},{"picked":"Demon Form","not_picked":["Bludgeon","Barricade"],"floor":16},{"picked":"Armaments","not_picked":["Headbutt","Shrug It Off"],"floor":18},{"picked":"Feel No Pain","not_picked":["Dark Embrace","Rampage"],"floor":22}],"event_choices":[{"event_name":"Big Fish","player_choice":"Donut","floor":3,"cards_obtained":null,"cards_removed":null,"cards_transformed":null,"cards_upgraded":null,"relics_obtained":null,"potions_obtained":null,"relics_lost":null,"damage_taken":0,"damage_healed":0,"max_hp_loss":0,"max_hp_gain":5,"gold_gain":0,"gold_loss":0},{"event_name":"Golden Wing","player_choice":"Gained Gold","floor":4,"cards_obtained":null,"cards_removed":null,"cards_transformed":null,"cards_upgraded":null,"relics_obtained":null,"potions_obtained":null,"relics_lost":null,"damage_taken":0,"damage_healed":0,"max_hp_loss":0,"max_hp_gain":0,"gold_gain":69,"gold_loss":0},{"event_name":"The Cleric","player_choice":"Card Removal","floor":8,"cards_obtained":null,"cards_removed":["Strike_R"],"cards_transformed":null,"cards_upgraded":null,"relics_obtained":null,"potions_obtained":null,"relics_lost":null,"damage_taken":0,"damage_healed":0,"max_hp_loss":0,"max_hp_gain":0,"gold_gain":0,"gold_loss":50},{"event_name":"Beggar","player_choice":"Gave Gold","floor":19,"cards_obtained":null,"cards_removed":["Strike_R"],"cards_transformed":null,"cards_upgraded":null,"relics_obtained":null,"potions_obtained":null,"relics_lost":null,"damage_taken":0,"damage_healed":0,"max_hp_loss":0,"max_hp_gain":0,"gold_gain":0,"gold_loss":75},{"event_name":"Forgotten Altar","player_choice":"Shed Blood","floor":20,"cards_obtained":null,"cards_removed":null,"cards_transformed":null,"cards_upgraded":null,"relics_obtained":null,"potions_obtained":null,"relics_lost":null,"damage_taken":21,"damage_healed":0,"max_hp_loss":0,"max_hp_gain":5,"gold_gain":0,"gold_loss":0}],"boss_relics":[{"picked":"Empty Cage","not_picked":["Philosopher's Stone","Black Blood"]}],"damage_taken":[{"floor":1,"enemies":"Cultist","damage":14,"turns":4},{"floor":2,"enemies":"Jaw Worm","damage":9,"turns":4},{"floor":5,"enemies":"Small Slimes","damage":0,"turns":3},{"floor":6,"enemies":"Exordium Thugs","damage":0,"turns":4},{"floor":7,"enemies":"3 Louse","damage":12,"turns":2},{"floor":10,"enemies":"Large Slime","damage":0,"turns":4},{"floor":11,"enemies":"Exordium Thugs","damage":10,"turns":4},{"floor":12,"enemies":"Gremlin Nob","damage":21,"turns":4},{"floor":13,"enemies":"3 Louse","damage":3,"turns":2},{"floor":14,"enemies":"3 Sentries","damage":35,"turns":10},{"floor":16,"enemies":"Hexaghost","damage":55,"turns":12},{"floor":18,"enemies":"3 Byrds","damage":15,"turns":4},{"floor":22,"enemies":"Spheric Guardian","damage":38,"turns":6},{"floor":23,"enemies":"Gremlin Leader","damage":19,"turns":2}],"potions_obtained":[{"key":"Swift Potion","floor":2},{"key":"Energy Potion","floor":5},{"key":"DuplicationPotion","floor":10},{"key":"Strength Potion","floor":11},{"key":"Regen Potion","floor":14},{"key":"Swift Potion","floor":16},{"key":"FearPotion","floor":18}],"relics_obtained":[{"key":"Art of War","floor":9},{"key":"Tiny Chest","floor":12},{"key":"Happy Flower","floor":14},{"key":"MealTicket","floor":21}],"campfire_choices":[{"floor":15,"key":"REST"}],"circlet_count":0,"win_rate":0,"killed_by":"Gremlin Leader"}