{"play_id":"72b48f3f-b51d-4ecc-8999-63c5cc56ab49","build_version":"2020-01-27","seed_played":"8300711770988923860","chose_seed":false,"seed_source_timestamp":0,"is_daily":false,"special_seed":0,"is_trial":false,"is_endless":false,"is_ascension_mode":true,"ascension_level":13,"neow_bonus":"ONE_RANDOM_RARE_CARD","neow_cost":"NONE","is_beta":false,"is_prod":false,"victory":false,"floor_reached":33,"score":429,"timestamp":1712839105,"local_time":"04/11/2024 12:38:25","playtime":1477,"player_experience":611000,"master_deck":["AscendersBane","Defend_R","Defend_R","Bash","Exhume+1","Uppercut+1","Flame Barrier+1","Disarm+1","Sever Soul+1","Clash","Ghostly Armor+1","Demon Form+1","Armaments+1","Dropkick+1","Feed+1","Uppercut+1","Blood for Blood+1","Brutality+1","Panacea+1","Infernal Blade+1"],"relics":["Burning Blood","Toxic Egg 2","Molten Egg 2","Empty Cage","Potion Belt"],"gold":48,"campfire_rested":1,"campfire_upgraded":7,"purchased_purges":2,"potions_floor_spawned":[3,10,13,14,30,31],"potions_floor_usage":[33],"current_hp_per_floor":[67,65,62,60,60,60,60,60,60,54,54,60,52,48,48,44,71,54,48,31,31,31,58,58,89,89,89,89,89,72,63,63,0],"max_hp_per_floor":[80,80,80,80,80,80,80,80,80,80,80,80,80,80,80,80,80,84,88,93,93,93,93,93,93,93,93,93,93,97,97,97,97],"gold_per_floor":[109,123,143,161,161,161,60,60,60,80,80,94,108,136,136,208,208,182,193,193,193,193,193,4,4,30,30,30,30,30,48,48,48],"path_per_floor":["M","M","M","M","?","R","$","R","T","M","R","M","M","E","R","B","ul","M","M","?","?","?","R","$","?","T","R","$","R","?","M","R","B"],"path_taken":["M","?","M","M","?","R","?","R","T","M","R","?","M","E","R","BOSS","M","M","?","?","?","R","$","?","T","R","$","R","?","?","R","BOSS"],"items_purchased":["Clash","Panacea+1"],"item_purchase_floors":[7,24],"items_purged":["Strike_R","Strike_R"],"items_purged_floors":[7,24],"character_chosen":"IRONCLAD","card_choices":[{"picked":"Uppercut","not_picked":["Clash","Armaments"],"floor":1},{"picked":"Flame Barrier","not_picked":["Bloodletting","Flex"],"floor":2},{"picked":"Disarm","not_picked":["Perfected Strike","Clothesline"],"floor":3},{"picked":"Sever Soul","not_picked":["Havoc","Warcry"],"floor":4},{"picked":"Ghostly Armor+1","not_picked":["Armaments+1","Havoc+1"],"floor":10},{"picked":"Demon Form","not_picked":["Sentinel+1","Thunderclap"],"floor":12},{"picked":"Armaments+1","not_picked":["Carnage","Second Wind+1"],"floor":13},{"picked":"Dropkick+1","not_picked":["Combust","Hemokinesis+1"],"floor":14},{"picked":"Feed+1","not_picked":["Reaper+1","Barricade"],"floor":16},{"picked":"SKIP","not_picked":["Pommel Strike+1","Twin Strike+1","Clothesline+1"],"floor":18},{"picked":"Uppercut+1","not_picked":["Sword Boomerang+1","Iron Wave+1"],"floor":19},{"picked":"Infernal Blade+1","not_picked":["Havoc+1","Whirlwind+1"],"floor":31}],"event_choices":[{"event_name":"Purifier","player_choice":"Purged","floor":5,"cards_obtained":null,"cards_removed":["Strike_R"],"cards_transformed":null,"cards_upgraded":null,"relics_obtained":null,"potions_obtained":null,"relics_lost":null,"damage_taken":0,"damage_healed":0,"max_hp_loss":0,"max_hp_gain":0,"gold_gain":0,"gold_loss":0},{"event_name":"Forgotten Altar","player_choice":"Shed Blood","floor":20,"cards_obtained":null,"cards_removed":null,"cards_transformed":null,"cards_upgraded":null,"relics_obtained":null,"potions_obtained":null,"relics_lost":null,"damage_taken":22,"damage_healed":0,"max_hp_loss":0,"max_hp_gain":5,"gold_gain":0,"gold_loss":0},{"event_name":"Drug Dealer","player_choice":"Became Test Subject","floor":21,"cards_obtained":["Blood for Blood","Brutality"],"cards_removed":null,"cards_transformed":["Defend_R","Strike_R"],"cards_upgraded":null,"relics_obtained":null,"potions_obtained":null,"relics_lost":null,"damage_taken":0,"damage_healed":0,"max_hp_loss":0,"max_hp_gain":0,"gold_gain":0,"gold_loss":0},{"event_name":"Ghosts","player_choice":"Ignored","floor":22,"cards_obtained":null,"cards_removed":null,"cards_transformed":null,"cards_upgraded":null,"relics_obtained":null,"potions_obtained":null,"relics_lost":null,"damage_taken":0,"damage_healed":0,"max_hp_loss":0,"max_hp_gain":0,"gold_gain":0,"gold_loss":0},{"event_name":"The Library","player_choice":"Heal","floor":25,"cards_obtained":null,"cards_removed":null,"cards_transformed":null,"cards_upgraded":null,"relics_obtained":null,"potions_obtained":null,"relics_lost":null,"damage_taken":0,"damage_healed":31,"max_hp_loss":0,"max_hp_gain":0,"gold_gain":0,"gold_loss":0},{"event_name":"Colosseum","player_choice":"Fight","floor":30,"cards_obtained":null,"cards_removed":null,"cards_transformed":null,"cards_upgraded":null,"relics_obtained":null,"potions_obtained":null,"relics_lost":null,"damage_taken":0,"damage_healed":0,"max_hp_loss":0,"max_hp_gain":0,"gold_gain":0,"gold_loss":0},{"event_name":"Colosseum","player_choice":"Fled From Nobs","floor":30,"cards_obtained":null,"cards_removed":null,"cards_transformed":null,"cards_upgraded":null,"relics_obtained":null,"potions_obtained":null,"relics_lost":null,"damage_taken":0,"damage_healed":0,"max_hp_loss":0,"max_hp_gain":0,"gold_gain":0,"gold_loss":0}],"boss_relics":[{"picked":"Empty Cage","not_picked":["Philosopher's Stone","Runic Dome"]}],"damage_taken":[{"floor":1,"enemies":"Cultist","damage":11,"turns":4},{"floor":2,"enemies":"2 Louse","damage":8,"turns":3},{"floor":3,"enemies":"Jaw Worm","damage":9,"turns":3},{"floor":4,"enemies":"Looter","damage":8,"turns":3},{"floor":10,"enemies":"Blue Slaver","damage":12,"turns":3},{"floor":12,"enemies":"2 Fungi Beasts","damage":0,"turns":2},{"floor":13,"enemies":"Red Slaver","damage":14,"turns":4},{"floor":14,"enemies":"Lagavulin","damage":10,"turns":6},{"floor":16,"enemies":"The Guardian","damage":10,"turns":12},{"floor":18,"enemies":"2 Thieves","damage":27,"turns":5},{"floor":19,"enemies":"Spheric Guardian","damage":16,"turns":5},{"floor":30,"enemies":"Colosseum Slavers","damage":27,"turns":5},{"floor":31,"enemies":"Chosen and Byrds","damage":15,"turns":8},{"floor":33,"enemies":"Collector","damage":66,"turns":9}],"potions_obtained":[{"key":"SteroidPotion","floor":3},{"key":"Explosive Potion","floor":10},{"key":"Fire Potion","floor":31}],"relics_obtained":[{"key":"Toxic Egg 2","floor":9},{"key":"Molten Egg 2","floor":14},{"key":"Potion Belt","floor":26}],"campfire_choices":[{"floor":6,"key":"SMITH","data":"Uppercut"},{"floor":8,"key":"SMITH","data":"Sever Soul"},{"floor":11,"key":"SMITH","data":"Exhume"},{"floor":15,"key":"SMITH","data":"Demon Form"},{"floor":23,"key":"REST"},{"floor":27,"key":"SMITH","data":"Brutality"},{"floor":29,"key":"SMITH","data":"Disarm"},{"floor":32,"key":"SMITH","data":"Flame Barrier"}],"circlet_count":0,"win_rate":0,"killed_by":"Collector"}