{"play_id":"53b628ed-e1ea-4b07-aefd-31ae4142060e","build_version":"2020-01-27","seed_played":"3567846925755152274","chose_seed":false,"seed_source_timestamp":976452570776,"is_daily":false,"special_seed":null,"is_trial":false,"is_endless":false,"is_ascension_mode":true,"ascension_level":13,"neow_bonus":"BOSS_RELIC","neow_cost":"NONE","is_beta":false,"is_prod":false,"victory":true,"floor_reached":51,"score":1390,"timestamp":1712981265,"local_time":"04/13/2024 04:07:45","playtime":2520,"player_experience":614301,"master_deck":["AscendersBane","Strike_R","Defend_R","Defend_R","Defend_R","Bash+1","Anger+1","Armaments+1","Impervious+1","Rupture+1","Combust+1","Brutality+1","Impervious+1","Pummel+1","Corruption+1","Barricade+1","Shrug It Off+1","Reaper+1","Shrug It Off+1","Reaper+1","Shrug It Off"],"relics":["Black Star","InkBottle","Mummified Hand","Frozen Egg 2","Meat on the Bone","Singing Bowl","Pantograph","Ornamental Fan","Coffee Dripper","Ancient Tea Set","Oddly Smooth Stone","Boot","Nunchaku","Juzu Bracelet","Self Forming Clay","Bird Faced Urn","HornCleat","SacredBark","FossilizedHelix","Brimstone","MawBank","Calipers","Peace Pipe","Pen Nib","DollysMirror","Kunai","White Beast Statue","StoneCalendar"],"gold":49,"campfire_rested":0,"campfire_upgraded":6,"purchased_purges":2,"potions_floor_spawned":[5,10,12,14,16,18,33,42,47,48],"potions_floor_usage":[7,14,25,25,35,50],"current_hp_per_floor":[69,69,69,67,67,67,47,35,35,35,35,5,32,36,36,26,68,63,63,63,63,63,50,50,47,47,47,47,47,24,32,32,54,80,77,88,82,82,82,56,56,56,56,56,56,56,82,94,94,89],"max_hp_per_floor":[80,80,80,80,80,80,80,80,80,80,80,82,82,82,82,82,82,82,82,82,82,82,84,84,84,84,84,84,84,86,88,88,88,88,88,90,90,90,90,92,92,92,92,92,92,92,92,94,94,94],"gold_per_floor":[116,116,116,135,149,149,180,191,191,210,59,88,88,121,121,195,195,205,205,205,50,77,94,94,123,123,123,23,23,58,68,68,147,147,166,191,209,54,54,82,94,154,219,4,4,4,32,49,49,49],"path_per_floor":["M","?","?","M","M","R","E","M","T","M","$","E","?","E","R","B",null,"M","?","?","$","T","M","?","E","T","R","$","R","E","M","R","B",null,"M","?","M","$","?","E","R","?","T","$","R","T","E","M","R","B",null],"path_taken":["M","?","?","?","M","R","E","M","T","M","$","E","?","E","R","BOSS","M","?","?","$","?","M","?","E","T","R","$","R","E","M","R","BOSS","M","?","M","?","?","E","R","?","T","$","R","?","E","M","R","BOSS"],"items_purchased":["Combust+1","Oddly Smooth Stone","Brimstone","DollysMirror","LiquidBronze"],"item_purchase_floors":[11,21,38,44,44],"items_purged":["Strike_R","Defend_R"],"items_purged_floors":[11,28],"character_chosen":"IRONCLAD","card_choices":[{"picked":"Anger","not_picked":["Twin Strike","Clothesline"],"floor":1},{"picked":"Twin Strike","not_picked":["Perfected Strike","Havoc"],"floor":4},{"picked":"Armaments","not_picked":["Warcry","True Grit"],"floor":5},{"picked":"Impervious","not_picked":["Sword Boomerang","Barricade"],"floor":7},{"picked":"SKIP","not_picked":["Combust","Body Slam","Warcry"],"floor":8},{"picked":"Rupture+1","not_picked":["Uppercut","Thunderclap"],"floor":10},{"picked":"Singing Bowl","not_picked":["Body Slam","Twin Strike","Shrug It Off"],"floor":12},{"picked":"Brutality+1","not_picked":["Thunderclap","Whirlwind"],"floor":14},{"picked":"Impervious","not_picked":["Demon Form+1","Exhume"],"floor":16},{"picked":"Pummel","not_picked":["Pommel Strike","Anger"],"floor":18},{"picked":"Singing Bowl","not_picked":["Ghostly Armor","Infernal Blade+1","Inflame+1"],"floor":23},{"picked":"Corruption+1","not_picked":["Reckless Charge","Fiend Fire"],"floor":25},{"picked":"Singing Bowl","not_picked":["Infernal Blade","Headbutt","Shrug It Off"],"floor":30},{"picked":"Singing Bowl","not_picked":["Anger","Body Slam","Juggernaut+1"],"floor":31},{"picked":"Barricade+1","not_picked":["Corruption+1","Brutality+1"],"floor":33},{"picked":"Shrug It Off+1","not_picked":["Dark Embrace+1","Sword Boomerang"],"floor":35},{"picked":"Singing Bowl","not_picked":["Clash","True Grit","Pommel Strike+1"],"floor":36},{"picked":"Reaper","not_picked":["Burning Pact+1","Armaments"],"floor":37},{"picked":"Singing Bowl","not_picked":["Bloodletting","Thunderclap","True Grit"],"floor":40},{"picked":"Shrug It Off+1","not_picked":["True Grit","Ghostly Armor"],"floor":42},{"picked":"Shrug It Off","not_picked":["Rampage","Flex"],"floor":47},{"picked":"Singing Bowl","not_picked":["Rage","Clothesline","Perfected Strike"],"floor":48}],"event_choices":[{"event_name":"Liars Game","player_choice":"Ignored","floor":2,"cards_obtained":null,"cards_removed":null,"cards_transformed":null,"cards_upgraded":null,"relics_obtained":null,"potions_obtained":null,"relics_lost":null,"damage_taken":0,"damage_healed":0,"max_hp_loss":0,"max_hp_gain":0,"gold_gain":0,"gold_loss":0},{"event_name":"Purifier","player_choice":"Purged","floor":3,"cards_obtained":null,"cards_removed":["Strike_R"],"cards_transformed":null,"cards_upgraded":null,"relics_obtained":null,"potions_obtained":null,"relics_lost":null,"damage_taken":0,"damage_healed":0,"max_hp_loss":0,"max_hp_gain":0,"gold_gain":0,"gold_loss":0},{"event_name":"Big Fish","player_choice":"Banana","floor":13,"cards_obtained":null,"cards_removed":null,"cards_transformed":null,"cards_upgraded":null,"relics_obtained":null,"potions_obtained":null,"relics_lost":null,"damage_taken":0,"damage_healed":27,"max_hp_loss":0,"max_hp_gain":0,"gold_gain":0,"gold_loss":0},{"event_name":"Ghosts","player_choice":"Ignored","floor":19,"cards_obtained":null,"cards_removed":null,"cards_transformed":null,"cards_upgraded":null,"relics_obtained":null,"potions_obtained":null,"relics_lost":null,"damage_taken":0,"damage_healed":0,"max_hp_loss":0,"max_hp_gain":0,"gold_gain":0,"gold_loss":0},{"event_name":"The Mausoleum","player_choice":"Opened","floor":20,"cards_obtained":null,"cards_removed":null,"cards_transformed":null,"cards_upgraded":null,"relics_obtained":["Ancient Tea Set"],"potions_obtained":null,"relics_lost":null,"damage_taken":0,"damage_healed":0,"max_hp_loss":0,"max_hp_gain":0,"gold_gain":0,"gold_loss":0},{"event_name":"Accursed Blacksmith","player_choice":"Forge","floor":24,"cards_obtained":null,"cards_removed":null,"cards_transformed":null,"cards_upgraded":["Pummel"],"relics_obtained":null,"potions_obtained":null,"relics_lost":null,"damage_taken":0,"damage_healed":0,"max_hp_loss":0,"max_hp_gain":0,"gold_gain":0,"gold_loss":0},{"event_name":"MindBloom","player_choice":"Fight","floor":36,"cards_obtained":null,"cards_removed":null,"cards_transformed":null,"cards_upgraded":null,"relics_obtained":null,"potions_obtained":null,"relics_lost":null,"damage_taken":0,"damage_healed":0,"max_hp_loss":0,"max_hp_gain":0,"gold_gain":0,"gold_loss":0},{"event_name":"Falling","player_choice":"Removed Attack","floor":39,"cards_obtained":null,"cards_removed":["Twin Strike"],"cards_transformed":null,"cards_upgraded":null,"relics_obtained":null,"potions_obtained":null,"relics_lost":null,"damage_taken":0,"damage_healed":0,"max_hp_loss":0,"max_hp_gain":0,"gold_gain":0,"gold_loss":0},{"event_name":"Mysterious Sphere","player_choice":"Fight","floor":42,"cards_obtained":null,"cards_removed":null,"cards_transformed":null,"cards_upgraded":null,"relics_obtained":null,"potions_obtained":null,"relics_lost":null,"damage_taken":0,"damage_healed":0,"max_hp_loss":0,"max_hp_gain":0,"gold_gain":0,"gold_loss":0}],"boss_relics":[{"picked":"Coffee Dripper","not_picked":["Velvet Choker","Tiny House"]},{"picked":"SacredBark","not_picked":["Sozu","Runic Dome"]}],"damage_taken":[{"floor":1,"enemies":"2 Louse","damage":3,"turns":3},{"floor":4,"enemies":"Jaw Worm","damage":2,"turns":3},{"floor":5,"enemies":"Cultist","damage":0,"turns":3},{"floor":7,"enemies":"3 Sentries","damage":20,"turns":7},{"floor":8,"enemies":"2 Fungi Beasts","damage":12,"turns":4},{"floor":10,"enemies":"Blue Slaver","damage":0,"turns":5},{"floor":12,"enemies":"Gremlin Nob","damage":32,"turns":4},{"floor":14,"enemies":"3 Sentries","damage":8,"turns":4},{"floor":16,"enemies":"Hexaghost","damage":47,"turns":5},{"floor":18,"enemies":"Spheric Guardian","damage":5,"turns":4},{"floor":23,"enemies":"2 Thieves","damage":27,"turns":4},{"floor":25,"enemies":"Book of Stabbing","damage":15,"turns":4},{"floor":30,"enemies":"Slavers","damage":37,"turns":5},{"floor":31,"enemies":"Cultist and Chosen","damage":14,"turns":5},{"floor":33,"enemies":"Champ","damage":9,"turns":6},{"floor":35,"enemies":"3 Shapes","damage":13,"turns":4},{"floor":36,"enemies":"Mind Bloom Boss Battle","damage":7,"turns":6},{"floor":37,"enemies":"Orb Walker","damage":10,"turns":4},{"floor":40,"enemies":"Reptomancer","damage":51,"turns":7},{"floor":42,"enemies":"2 Orb Walkers","damage":24,"turns":5},{"floor":47,"enemies":"Nemesis","damage":11,"turns":7},{"floor":48,"enemies":"4 Shapes","damage":4,"turns":4},{"floor":50,"enemies":"Awakened One","damage":17,"turns":7}],"potions_obtained":[{"key":"Explosive Potion","floor":5},{"key":"GamblersBrew","floor":10},{"key":"DistilledChaos","floor":12},{"key":"LiquidMemories","floor":14},{"key":"Fire Potion","floor":33},{"key":"SteroidPotion","floor":42}],"relics_obtained":[{"key":"InkBottle","floor":7},{"key":"Mummified Hand","floor":7},{"key":"Frozen Egg 2","floor":9},{"key":"Meat on the Bone","floor":12},{"key":"Singing Bowl","floor":12},{"key":"Pantograph","floor":14},{"key":"Ornamental Fan","floor":14},{"key":"Boot","floor":22},{"key":"Nunchaku","floor":25},{"key":"Juzu Bracelet","floor":25},{"key":"Self Forming Clay","floor":26},{"key":"Bird Faced Urn","floor":30},{"key":"HornCleat","floor":30},{"key":"FossilizedHelix","floor":36},{"key":"MawBank","floor":40},{"key":"Calipers","floor":40},{"key":"Peace Pipe","floor":42},{"key":"Pen Nib","floor":43},{"key":"Kunai","floor":46},{"key":"White Beast Statue","floor":47},{"key":"StoneCalendar","floor":47}],"campfire_choices":[{"floor":6,"key":"SMITH","data":"Armaments"},{"floor":15,"key":"SMITH","data":"Anger"},{"floor":27,"key":"SMITH","data":"Impervious"},{"floor":29,"key":"SMITH","data":"Impervious"},{"floor":32,"key":"SMITH","data":"Bash"},{"floor":41,"key":"SMITH","data":"Reaper"},{"floor":45,"key":"PURGE","data":"Strike_R"},{"floor":49,"key":"PURGE","data":"Strike_R"}],"circlet_count":0,"win_rate":0,"killed_by":null}