{"play_id":"44a26fc6-0c27-488c-90c6-0a2788408923","build_version":"2020-01-27","seed_played":"-2429033207468808862","chose_seed":false,"seed_source_timestamp":0,"is_daily":false,"special_seed":0,"is_trial":false,"is_endless":false,"is_ascension_mode":true,"ascension_level":13,"neow_bonus":"ONE_RANDOM_RARE_CARD","neow_cost":"NONE","is_beta":false,"is_prod":false,"victory":false,"floor_reached":23,"score":328,"timestamp":1712158870,"local_time":"04/03/2024 15:41:10","playtime":1155,"player_experience":608382,"master_deck":["AscendersBane","Strike_R","Strike_R","Strike_R","Strike_R","Defend_R","Defend_R","Defend_R","Defend_R","Bash+1","Barricade","Sever Soul","Clash","Rage","Combust","Rampage+1","Battle Trance","Ghostly Armor","Double Tap","Entrench"],"relics":["Burning Blood","Sundial","Vajra","Matryoshka","Ancient Tea Set","Busted Crown","Regal Pillow","Red Mask"],"gold":85,"campfire_rested":2,"campfire_upgraded":2,"purchased_purges":1,"potions_floor_spawned":[3,14,16,18,19],"potions_floor_usage":[18,19,21],"current_hp_per_floor":[72,72,77,66,72,12,36,36,36,27,51,39,39,41,41,22,66,53,46,46,26,14,0],"max_hp_per_floor":[80,80,80,80,80,80,80,80,80,80,80,80,80,80,80,80,80,80,80,80,80,80,80],"gold_per_floor":[111,14,29,104,122,148,148,36,36,63,63,63,63,83,83,158,158,174,186,34,65,85,85],"path_per_floor":["M","$","M","?","M","E","R","$","T","E","R","?","R","M","R","B",null,"M","M","$","?","M","E"],"path_taken":["M","$","M","?","M","E","R","$","T","E","R","?","R","M","R","BOSS","M","M","$","?","M","E"],"items_purchased":["Clash","Rage","Ghostly Armor","Regal Pillow"],"item_purchase_floors":[2,2,8,20],"items_purged":["Strike_R"],"items_purged_floors":[8],"character_chosen":"IRONCLAD","card_choices":[{"picked":"Sever Soul","not_picked":["Armaments","Disarm"],"floor":1},{"picked":"Combust","not_picked":["Twin Strike","Dual Wield"],"floor":3},{"picked":"Rampage","not_picked":["Armaments","Metallicize"],"floor":5},{"picked":"Battle Trance","not_picked":["Dual Wield","Clothesline"],"floor":6},{"picked":"SKIP","not_picked":["True Grit","Iron Wave","Cleave"],"floor":10},{"picked":"SKIP","not_picked":["True Grit","Clothesline","Body Slam"],"floor":14},{"picked":"Double Tap","not_picked":["Bludgeon","Exhume"],"floor":16},{"picked":"SKIP","not_picked":["Pommel Strike"],"floor":18},{"picked":"SKIP","not_picked":["Havoc+1"],"floor":19},{"picked":"Entrench","not_picked":[],"floor":22}],"event_choices":[{"event_name":"World of Goop","player_choice":"Gather Gold","floor":4,"cards_obtained":null,"cards_removed":null,"cards_transformed":null,"cards_upgraded":null,"relics_obtained":null,"potions_obtained":null,"relics_lost":null,"damage_taken":11,"damage_healed":0,"max_hp_loss":0,"max_hp_gain":0,"gold_gain":75,"gold_loss":0},{"event_name":"Scrap Ooze","player_choice":"Success","floor":12,"cards_obtained":null,"cards_removed":null,"cards_transformed":null,"cards_upgraded":null,"relics_obtained":["Ancient Tea Set"],"potions_obtained":null,"relics_lost":null,"damage_taken":12,"damage_healed":0,"max_hp_loss":0,"max_hp_gain":0,"gold_gain":0,"gold_loss":0},{"event_name":"Masked Bandits","player_choice":"Fought Bandits","floor":21,"cards_obtained":null,"cards_removed":null,"cards_transformed":null,"cards_upgraded":null,"relics_obtained":null,"potions_obtained":null,"relics_lost":null,"damage_taken":0,"damage_healed":0,"max_hp_loss":0,"max_hp_gain":0,"gold_gain":0,"gold_loss":0}],"boss_relics":[{"picked":"Busted Crown","not_picked":["SacredBark","Philosopher's Stone"]}],"damage_taken":[{"floor":1,"enemies":"2 Louse","damage":6,"turns":3},{"floor":3,"enemies":"Jaw Worm","damage":1,"turns":3},{"floor":5,"enemies":"Cultist","damage":0,"turns":3},{"floor":6,"enemies":"Gremlin Nob","damage":66,"turns":5},{"floor":10,"enemies":"3 Sentries","damage":15,"turns":6},{"floor":14,"enemies":"3 Louse","damage":4,"turns":4},{"floor":16,"enemies":"Slime Boss","damage":25,"turns":7},{"floor":18,"enemies":"Spheric Guardian","damage":19,"turns":4},{"floor":19,"enemies":"3 Byrds","damage":13,"turns":3},{"floor":21,"enemies":"Masked Bandits","damage":26,"turns":4},{"floor":22,"enemies":"Centurion and Healer","damage":18,"turns":5},{"floor":23,"enemies":"Book of Stabbing","damage":16,"turns":2}],"potions_obtained":[{"key":"Fire Potion","floor":3},{"key":"Swift Potion","floor":14},{"key":"SneckoOil","floor":16},{"key":"LiquidBronze","floor":18},{"key":"Fire Potion","floor":19}],"relics_obtained":[{"key":"Sundial","floor":6},{"key":"Vajra","floor":9},{"key":"Matryoshka","floor":10},{"key":"Red Mask","floor":21}],"campfire_choices":[{"floor":7,"key":"REST"},{"floor":11,"key":"REST"},{"floor":13,"key":"SMITH","data":"Rampage"},{"floor":15,"key":"SMITH","data":"Bash"}],"circlet_count":0,"win_rate":0,"killed_by":"Book of Stabbing"}