{"play_id":"096490e7-93fc-49b9-bb75-6b14a8ffecdc","build_version":"2020-01-27","seed_played":"-2523237655021693241","chose_seed":false,"seed_source_timestamp":703056173832,"is_daily":false,"special_seed":null,"is_trial":false,"is_endless":false,"is_ascension_mode":true,"ascension_level":13,"neow_bonus":"REMOVE_CARD","neow_cost":"NONE","is_beta":false,"is_prod":false,"victory":false,"floor_reached":10,"score":96,"timestamp":1712923642,"local_time":"04/12/2024 12:07:22","playtime":340,"player_experience":613210,"master_deck":["AscendersBane","Strike_R","Strike_R","Strike_R","Strike_R","Defend_R","Defend_R","Defend_R","Bash","Armaments","Dropkick","Headbutt","Seeing Red+1","Fire Breathing","Thunderclap"],"relics":["Burning Blood","Odd Mushroom","Blood Vial"],"gold":192,"campfire_rested":0,"campfire_upgraded":1,"purchased_purges":1,"potions_floor_spawned":[4],"potions_floor_usage":[],"current_hp_per_floor":[72,64,64,64,53,53,48,23,23,0],"max_hp_per_floor":[80,80,80,80,80,80,80,80,80,80],"gold_per_floor":[119,132,35,49,124,124,139,168,192,192],"path_per_floor":["M","M","$","M","?","R","M","?","T","E"],"path_taken":["M","M","$","?","?","R","M","?","T","E"],"items_purchased":["Headbutt"],"item_purchase_floors":[3],"items_purged":["Strike_R"],"items_purged_floors":[3],"character_chosen":"IRONCLAD","card_choices":[{"picked":"Armaments","not_picked":["Searing Blow","Anger"],"floor":1},{"picked":"Dropkick","not_picked":["Headbutt","Bloodletting"],"floor":2},{"picked":"Seeing Red","not_picked":["Bloodletting","Cleave"],"floor":4},{"picked":"Fire Breathing","not_picked":["Clothesline","Iron Wave"],"floor":7},{"picked":"Thunderclap","not_picked":["Havoc","Anger"],"floor":8}],"event_choices":[{"event_name":"World of Goop","player_choice":"Gather Gold","floor":5,"cards_obtained":null,"cards_removed":null,"cards_transformed":null,"cards_upgraded":null,"relics_obtained":null,"potions_obtained":null,"relics_lost":null,"damage_taken":11,"damage_healed":0,"max_hp_loss":0,"max_hp_gain":0,"gold_gain":75,"gold_loss":0},{"event_name":"Mushrooms","player_choice":"Fought Mushrooms","floor":8,"cards_obtained":null,"cards_removed":null,"cards_transformed":null,"cards_upgraded":null,"relics_obtained":null,"potions_obtained":null,"relics_lost":null,"damage_taken":0,"damage_healed":0,"max_hp_loss":0,"max_hp_gain":0,"gold_gain":0,"gold_loss":0}],"boss_relics":[],"damage_taken":[{"floor":1,"enemies":"Cultist","damage":6,"turns":3},{"floor":2,"enemies":"Jaw Worm","damage":14,"turns":3},{"floor":4,"enemies":"2 Louse","damage":6,"turns":3},{"floor":7,"enemies":"Blue Slaver","damage":11,"turns":4},{"floor":8,"enemies":"The Mushroom Lair","damage":31,"turns":6},{"floor":10,"enemies":"Gremlin Nob","damage":41,"turns":4}],"potions_obtained":[{"key":"Dexterity Potion","floor":4}],"relics_obtained":[{"key":"Odd Mushroom","floor":8},{"key":"Blood Vial","floor":9}],"campfire_choices":[{"floor":6,"key":"SMITH","data":"Seeing Red"}],"circlet_count":0,"win_rate":0,"killed_by":"Gremlin Nob"}