{"play_id":"2e934ad2-d38e-4a4e-acc5-84618f775775","build_version":"2020-01-27","seed_played":"1165415204158857481","chose_seed":false,"seed_source_timestamp":1080757023088,"is_daily":false,"special_seed":null,"is_trial":false,"is_endless":false,"is_ascension_mode":true,"ascension_level":14,"neow_bonus":"TRANSFORM_TWO_CARDS","neow_cost":"PERCENT_DAMAGE","is_beta":false,"is_prod":false,"victory":false,"floor_reached":13,"score":148,"timestamp":1722531419,"local_time":"08/01/2024 16:56:59","playtime":407,"player_experience":645727,"master_deck":["AscendersBane","Strike_R","Strike_R","Strike_R","Strike_R","Defend_R","Defend_R","Defend_R","Bash+1","Double Tap+1","Shockwave","Battle Trance","Thunderclap","Fire Breathing","Battle Trance","Thunderclap","Dropkick","Hemokinesis"],"relics":["Burning Blood","StoneCalendar","Centennial Puzzle","Kunai"],"gold":292,"campfire_rested":0,"campfire_upgraded":1,"purchased_purges":0,"potions_floor_spawned":[1,8,11],"potions_floor_usage":[6,12],"current_hp_per_floor":[56,50,43,48,48,16,16,10,10,10,13,17,0],"max_hp_per_floor":[75,75,75,80,80,80,80,80,80,80,80,80,80],"gold_per_floor":[119,130,130,130,147,172,172,183,263,263,274,292,292],"path_per_floor":["M","M","?","?","M","E","R","M","T","?","M","M","E"],"path_taken":["M","M","?","?","M","E","R","M","T","?","M","M","E"],"items_purchased":[],"item_purchase_floors":[],"items_purged":[],"items_purged_floors":[],"character_chosen":"IRONCLAD","card_choices":[{"picked":"Battle Trance","not_picked":["Sentinel","Clash"],"floor":1},{"picked":"Thunderclap","not_picked":["Dual Wield","Perfected Strike"],"floor":2},{"picked":"Fire Breathing","not_picked":["Clothesline","Burning Pact"],"floor":5},{"picked":"Battle Trance","not_picked":["Pommel Strike","Intimidate"],"floor":6},{"picked":"Thunderclap","not_picked":["Searing Blow","Intimidate"],"floor":8},{"picked":"Dropkick","not_picked":["Clothesline","True Grit"],"floor":11},{"picked":"Hemokinesis","not_picked":["Iron Wave","Thunderclap"],"floor":12}],"event_choices":[{"event_name":"Scrap Ooze","player_choice":"Success","floor":3,"cards_obtained":null,"cards_removed":null,"cards_transformed":null,"cards_upgraded":null,"relics_obtained":["StoneCalendar"],"potions_obtained":null,"relics_lost":null,"damage_taken":7,"damage_healed":0,"max_hp_loss":0,"max_hp_gain":0,"gold_gain":0,"gold_loss":0},{"event_name":"Big Fish","player_choice":"Donut","floor":4,"cards_obtained":null,"cards_removed":null,"cards_transformed":null,"cards_upgraded":null,"relics_obtained":null,"potions_obtained":null,"relics_lost":null,"damage_taken":0,"damage_healed":0,"max_hp_loss":0,"max_hp_gain":5,"gold_gain":0,"gold_loss":0},{"event_name":"Accursed Blacksmith","player_choice":"Forge","floor":10,"cards_obtained":null,"cards_removed":null,"cards_transformed":null,"cards_upgraded":["Bash"],"relics_obtained":null,"potions_obtained":null,"relics_lost":null,"damage_taken":0,"damage_healed":0,"max_hp_loss":0,"max_hp_gain":0,"gold_gain":0,"gold_loss":0}],"boss_relics":[],"damage_taken":[{"floor":1,"enemies":"Small Slimes","damage":0,"turns":3},{"floor":2,"enemies":"Jaw Worm","damage":12,"turns":3},{"floor":5,"enemies":"Cultist","damage":6,"turns":3},{"floor":6,"enemies":"3 Sentries","damage":38,"turns":4},{"floor":8,"enemies":"Large Slime","damage":12,"turns":4},{"floor":11,"enemies":"2 Fungi Beasts","damage":3,"turns":3},{"floor":12,"enemies":"Looter","damage":2,"turns":2},{"floor":13,"enemies":"Lagavulin","damage":23,"turns":5}],"potions_obtained":[{"key":"Fire Potion","floor":1},{"key":"EssenceOfSteel","floor":8},{"key":"Fire Potion","floor":11}],"relics_obtained":[{"key":"Centennial Puzzle","floor":6},{"key":"Kunai","floor":9}],"campfire_choices":[{"floor":7,"key":"SMITH","data":"Double Tap"}],"circlet_count":0,"win_rate":0,"killed_by":"Lagavulin"}