{"play_id":"48162ba8-d1ca-4c72-88d2-924bebc642b7","build_version":"2020-01-27","seed_played":"-8936489032319353876","chose_seed":false,"seed_source_timestamp":777214941199,"is_daily":false,"special_seed":null,"is_trial":false,"is_endless":false,"is_ascension_mode":true,"ascension_level":14,"neow_bonus":"THREE_ENEMY_KILL","neow_cost":"NONE","is_beta":false,"is_prod":false,"victory":false,"floor_reached":22,"score":333,"timestamp":1722486784,"local_time":"08/01/2024 04:33:04","playtime":710,"player_experience":645017,"master_deck":["AscendersBane","Strike_R","Strike_R","Strike_R","Strike_R","Strike_R","Defend_R","Defend_R","Defend_R","Defend_R","Bash+1","Reckless Charge","True Grit","Twin Strike","Flex+1","Cleave","Disarm+1","Carnage+1","Apotheosis","Impervious","Sword Boomerang","Necronomicurse","Writhe"],"relics":["Burning Blood","NeowsBlessing","Singing Bowl","Happy Flower","Nunchaku","Coffee Dripper","Necronomicon","White Beast Statue"],"gold":138,"campfire_rested":0,"campfire_upgraded":3,"purchased_purges":0,"potions_floor_spawned":[1,6,7,16,18,21],"potions_floor_usage":[6,11,13,21,22],"current_hp_per_floor":[74,75,75,72,72,40,39,39,39,39,30,35,36,36,36,21,67,40,24,24,12,0],"max_hp_per_floor":[75,75,75,75,75,75,75,75,75,75,77,82,82,82,82,82,82,82,82,82,84,84],"gold_per_floor":[112,126,136,155,155,187,197,197,197,197,222,222,233,37,37,108,108,123,123,123,138,138],"path_per_floor":["M","M","M","M","?","E","M","R","T","R","E","?","M","$","R","B",null,"M","?","?","M","M"],"path_taken":["M","M","M","?","?","E","?","R","T","R","E","?","M","$","R","BOSS","M","?","?","M","M"],"items_purchased":["Apotheosis"],"item_purchase_floors":[14],"items_purged":[],"items_purged_floors":[],"character_chosen":"IRONCLAD","card_choices":[{"picked":"Reckless Charge","not_picked":["Shrug It Off","Thunderclap"],"floor":1},{"picked":"True Grit","not_picked":["Second Wind","Feel No Pain"],"floor":2},{"picked":"Twin Strike","not_picked":["Flex","Havoc"],"floor":3},{"picked":"Flex","not_picked":["Headbutt","Body Slam"],"floor":4},{"picked":"Cleave","not_picked":["Infernal Blade","Battle Trance"],"floor":6},{"picked":"Disarm","not_picked":["Body Slam","Iron Wave"],"floor":7},{"picked":"Singing Bowl","not_picked":["Battle Trance","Rage","Burning Pact"],"floor":11},{"picked":"Carnage","not_picked":["Twin Strike","Intimidate"],"floor":13},{"picked":"Impervious","not_picked":["Corruption","Brutality"],"floor":16},{"picked":"Sword Boomerang","not_picked":["Dropkick","Infernal Blade"],"floor":18},{"picked":"Singing Bowl","not_picked":["Shrug It Off","Perfected Strike","Reckless Charge"],"floor":21}],"event_choices":[{"event_name":"Upgrade Shrine","player_choice":"Upgraded","floor":5,"cards_obtained":null,"cards_removed":null,"cards_transformed":null,"cards_upgraded":["Flex"],"relics_obtained":null,"potions_obtained":null,"relics_lost":null,"damage_taken":0,"damage_healed":0,"max_hp_loss":0,"max_hp_gain":0,"gold_gain":0,"gold_loss":0},{"event_name":"Big Fish","player_choice":"Donut","floor":12,"cards_obtained":null,"cards_removed":null,"cards_transformed":null,"cards_upgraded":null,"relics_obtained":null,"potions_obtained":null,"relics_lost":null,"damage_taken":0,"damage_healed":0,"max_hp_loss":0,"max_hp_gain":5,"gold_gain":0,"gold_loss":0},{"event_name":"Cursed Tome","player_choice":"Obtained Book","floor":19,"cards_obtained":null,"cards_removed":null,"cards_transformed":null,"cards_upgraded":null,"relics_obtained":null,"potions_obtained":null,"relics_lost":null,"damage_taken":16,"damage_healed":0,"max_hp_loss":0,"max_hp_gain":0,"gold_gain":0,"gold_loss":0},{"event_name":"The Mausoleum","player_choice":"Opened","floor":20,"cards_obtained":["Writhe"],"cards_removed":null,"cards_transformed":null,"cards_upgraded":null,"relics_obtained":["White Beast Statue"],"potions_obtained":null,"relics_lost":null,"damage_taken":0,"damage_healed":0,"max_hp_loss":0,"max_hp_gain":0,"gold_gain":0,"gold_loss":0}],"boss_relics":[{"picked":"Coffee Dripper","not_picked":["SlaversCollar","SacredBark"]}],"damage_taken":[{"floor":1,"enemies":"Cultist","damage":0,"turns":1},{"floor":2,"enemies":"Small Slimes","damage":0,"turns":1},{"floor":3,"enemies":"Jaw Worm","damage":0,"turns":1},{"floor":4,"enemies":"3 Louse","damage":9,"turns":4},{"floor":6,"enemies":"Lagavulin","damage":38,"turns":6},{"floor":7,"enemies":"Looter","damage":7,"turns":3},{"floor":11,"enemies":"Gremlin Nob","damage":32,"turns":4},{"floor":13,"enemies":"2 Fungi Beasts","damage":5,"turns":4},{"floor":16,"enemies":"Hexaghost","damage":21,"turns":9},{"floor":18,"enemies":"Spheric Guardian","damage":33,"turns":4},{"floor":21,"enemies":"3 Byrds","damage":35,"turns":6},{"floor":22,"enemies":"Sentry and Sphere","damage":16,"turns":3}],"potions_obtained":[{"key":"GamblersBrew","floor":1},{"key":"Energy Potion","floor":6},{"key":"BloodPotion","floor":7},{"key":"Regen Potion","floor":16},{"key":"BlessingOfTheForge","floor":18},{"key":"PowerPotion","floor":21}],"relics_obtained":[{"key":"Singing Bowl","floor":6},{"key":"Happy Flower","floor":9},{"key":"Nunchaku","floor":11},{"key":"Necronomicon","floor":19}],"campfire_choices":[{"floor":8,"key":"SMITH","data":"Bash"},{"floor":10,"key":"SMITH","data":"Disarm"},{"floor":15,"key":"SMITH","data":"Carnage"}],"circlet_count":0,"win_rate":0,"killed_by":"Sentry and Sphere"}