{"play_id":"d46b643e-ffba-48f7-90da-7037380b5ef3","build_version":"2020-01-27","seed_played":"-7178096770580898718","chose_seed":false,"seed_source_timestamp":309286470203,"is_daily":false,"special_seed":null,"is_trial":false,"is_endless":false,"is_ascension_mode":true,"ascension_level":14,"neow_bonus":"REMOVE_TWO","neow_cost":"PERCENT_DAMAGE","is_beta":false,"is_prod":false,"victory":false,"floor_reached":8,"score":92,"timestamp":1722383237,"local_time":"07/30/2024 23:47:17","playtime":574,"player_experience":644443,"master_deck":["AscendersBane","Strike_R","Strike_R","Strike_R","Defend_R","Defend_R","Defend_R","Bash","Rupture","Twin Strike","Offering"],"relics":["Burning Blood","WingedGreaves","Eternal Feather"],"gold":52,"campfire_rested":1,"campfire_upgraded":0,"purchased_purges":1,"potions_floor_spawned":[],"potions_floor_usage":[6,6],"current_hp_per_floor":[49,49,49,37,37,18,46,0],"max_hp_per_floor":[75,75,75,75,75,75,75,75],"gold_per_floor":[116,86,97,97,22,52,52,52],"path_per_floor":["M","?","M","?","$","E","R","E"],"path_taken":["M","?","?","?","$","E","R","E"],"items_purchased":[],"item_purchase_floors":[],"items_purged":["Strike_R"],"items_purged_floors":[5],"character_chosen":"IRONCLAD","card_choices":[{"picked":"Rupture","not_picked":["Twin Strike","Cleave"],"floor":1},{"picked":"Twin Strike","not_picked":["Armaments","Body Slam"],"floor":3},{"picked":"Offering","not_picked":["Armaments","Whirlwind"],"floor":6}],"event_choices":[{"event_name":"The Woman in Blue","player_choice":"Bought 2 Potions","floor":2,"cards_obtained":null,"cards_removed":null,"cards_transformed":null,"cards_upgraded":null,"relics_obtained":null,"potions_obtained":null,"relics_lost":null,"damage_taken":0,"damage_healed":0,"max_hp_loss":0,"max_hp_gain":0,"gold_gain":0,"gold_loss":0},{"event_name":"Scrap Ooze","player_choice":"Success","floor":4,"cards_obtained":null,"cards_removed":null,"cards_transformed":null,"cards_upgraded":null,"relics_obtained":["WingedGreaves"],"potions_obtained":null,"relics_lost":null,"damage_taken":12,"damage_healed":0,"max_hp_loss":0,"max_hp_gain":0,"gold_gain":0,"gold_loss":0}],"boss_relics":[],"damage_taken":[{"floor":1,"enemies":"Small Slimes","damage":7,"turns":4},{"floor":3,"enemies":"Cultist","damage":6,"turns":3},{"floor":6,"enemies":"Lagavulin","damage":25,"turns":4},{"floor":8,"enemies":"3 Sentries","damage":51,"turns":10}],"potions_obtained":[{"key":"AttackPotion","floor":2},{"key":"Energy Potion","floor":2}],"relics_obtained":[{"key":"Eternal Feather","floor":6}],"campfire_choices":[{"floor":7,"key":"REST"}],"circlet_count":0,"win_rate":0,"killed_by":"3 Sentries"}