{"play_id":"b5769b36-2511-4597-b311-8f20187546b8","build_version":"2020-01-27","seed_played":"5513273677182904688","chose_seed":false,"seed_source_timestamp":1626561568125,"is_daily":false,"special_seed":null,"is_trial":false,"is_endless":false,"is_ascension_mode":true,"ascension_level":14,"neow_bonus":"THREE_RARE_CARDS","neow_cost":"PERCENT_DAMAGE","is_beta":false,"is_prod":false,"victory":true,"floor_reached":51,"score":1341,"timestamp":1723473198,"local_time":"08/12/2024 14:33:18","playtime":2424,"player_experience":647673,"master_deck":["AscendersBane","Bash","Offering","Rage","Carnage+1","Pummel+1","Armaments+1","Berserk+1","Parasite","Fire Breathing","Shrug It Off","Offering+1","Second Wind","Fiend Fire+1","Seeing Red","Dropkick","Pummel","Shrug It Off","Reckless Charge","Thunderclap","Disarm","Flame Barrier","Rupture+1","Shrug It Off+1","Inflame","Dropkick","Clothesline","Offering","Battle Trance","Reaper","Hemokinesis","Metallicize","Combust","Hemokinesis+1","Thunderclap","Power Through","Ghostly Armor+1"],"relics":["Black Blood","Regal Pillow","The Courier","Gremlin Horn","Pandora's Box","Bag of Preparation","Ornamental Fan","MealTicket","Potion Belt","Eternal Feather","PreservedInsect","WingedGreaves","Lizard Tail","Mercury Hourglass","Art of War","Vajra","Nunchaku"],"gold":85,"campfire_rested":2,"campfire_upgraded":7,"purchased_purges":0,"potions_floor_spawned":[1,5,11,13,14,21,22,31,33,39,44,45,46],"potions_floor_usage":[4,7,13,18,22,23,23,30,33,37,44,44,45,45,50,50],"current_hp_per_floor":[43,48,48,46,46,46,32,32,32,32,12,32,32,31,31,23,66,63,63,63,63,20,12,51,51,51,44,59,59,25,8,65,10,63,80,80,78,73,79,63,80,80,80,67,57,62,80,71,80,38],"max_hp_per_floor":[75,80,80,80,80,80,80,80,80,80,80,80,80,80,80,80,80,80,80,80,80,80,80,80,80,80,80,80,80,80,80,80,80,80,80,80,80,80,80,80,80,80,80,80,80,80,80,80,80,80],"gold_per_floor":[114,114,114,126,142,142,156,156,156,156,190,190,217,234,234,309,309,319,319,342,362,375,404,404,40,40,52,13,13,40,50,50,127,127,144,144,157,182,231,266,266,10,10,26,39,74,74,85,85,85],"path_per_floor":["M","?","?","M","M","R","M","R","T","R","E","?","E","M","R","B",null,"M","?","T","M","M","E","R","$","T","M","$","?","E","M","R","B",null,"M","?","M","?","?","E","R","$","T","M","M","E","R","M","R","B",null],"path_taken":["M","?","?","?","M","R","M","R","T","R","E","?","E","M","R","BOSS","M","?","?","?","?","E","R","$","T","M","?","?","E","?","R","BOSS","M","?","?","?","?","E","R","$","T","M","M","E","R","M","R","BOSS"],"items_purchased":["Inflame","MealTicket","Dropkick","Potion Belt","Weak Potion","Art of War","Energy Potion","DistilledChaos","SkillPotion"],"item_purchase_floors":[25,25,25,25,28,42,42,42,42],"items_purged":[],"items_purged_floors":[],"character_chosen":"IRONCLAD","card_choices":[{"picked":"Offering","not_picked":["Corruption","Demon Form"],"floor":0},{"picked":"Rage","not_picked":["Searing Blow","Pommel Strike"],"floor":1},{"picked":"Pummel","not_picked":["Havoc","Sword Boomerang"],"floor":4},{"picked":"SKIP","not_picked":["Pommel Strike","Seeing Red","Warcry"],"floor":5},{"picked":"Armaments","not_picked":["Sword Boomerang","Perfected Strike"],"floor":7},{"picked":"Berserk","not_picked":["Armaments","Uppercut"],"floor":11},{"picked":"Fire Breathing","not_picked":["Blood for Blood","Perfected Strike"],"floor":13},{"picked":"Shrug It Off","not_picked":["Thunderclap","Armaments"],"floor":14},{"picked":"Offering","not_picked":["Barricade","Juggernaut"],"floor":16},{"picked":"SKIP","not_picked":["Dual Wield","Anger","Warcry"],"floor":18},{"picked":"Rupture","not_picked":["Anger","Clash"],"floor":21},{"picked":"Shrug It Off+1","not_picked":["Burning Pact","Dual Wield"],"floor":22},{"picked":"SKIP","not_picked":["Rupture","Seeing Red","Body Slam"],"floor":23},{"picked":"Clothesline","not_picked":["Iron Wave","Shrug It Off"],"floor":27},{"picked":"Battle Trance","not_picked":["Shrug It Off","Armaments+1"],"floor":30},{"picked":"SKIP","not_picked":["Seeing Red","Iron Wave","Clash"],"floor":31},{"picked":"Reaper","not_picked":["Corruption","Exhume"],"floor":33},{"picked":"Hemokinesis","not_picked":["Clash","Bloodletting"],"floor":35},{"picked":"Metallicize","not_picked":["Power Through+1","Pommel Strike"],"floor":37},{"picked":"Combust","not_picked":["Warcry","True Grit"],"floor":39},{"picked":"Hemokinesis+1","not_picked":["Clothesline","Twin Strike+1"],"floor":40},{"picked":"Thunderclap","not_picked":["Rupture","Sever Soul"],"floor":44},{"picked":"Power Through","not_picked":["Entrench","Searing Blow"],"floor":45},{"picked":"SKIP","not_picked":["Power Through","Brutality","Warcry"],"floor":46},{"picked":"Ghostly Armor+1","not_picked":["Armaments+1","Battle Trance+1"],"floor":48}],"event_choices":[{"event_name":"Big Fish","player_choice":"Donut","floor":2,"cards_obtained":null,"cards_removed":null,"cards_transformed":null,"cards_upgraded":null,"relics_obtained":null,"potions_obtained":null,"relics_lost":null,"damage_taken":0,"damage_healed":0,"max_hp_loss":0,"max_hp_gain":5,"gold_gain":0,"gold_loss":0},{"event_name":"Match and Keep!","player_choice":"2 cards matched","floor":3,"cards_obtained":["Bash","Carnage"],"cards_removed":null,"cards_transformed":null,"cards_upgraded":null,"relics_obtained":null,"potions_obtained":null,"relics_lost":null,"damage_taken":0,"damage_healed":0,"max_hp_loss":0,"max_hp_gain":0,"gold_gain":0,"gold_loss":0},{"event_name":"Mushrooms","player_choice":"Healed and dodged fight","floor":12,"cards_obtained":["Parasite"],"cards_removed":null,"cards_transformed":null,"cards_upgraded":null,"relics_obtained":null,"potions_obtained":null,"relics_lost":null,"damage_taken":0,"damage_healed":20,"max_hp_loss":0,"max_hp_gain":0,"gold_gain":0,"gold_loss":0},{"event_name":"The Library","player_choice":"Read","floor":19,"cards_obtained":["Flame Barrier"],"cards_removed":null,"cards_transformed":null,"cards_upgraded":null,"relics_obtained":null,"potions_obtained":null,"relics_lost":null,"damage_taken":0,"damage_healed":0,"max_hp_loss":0,"max_hp_gain":0,"gold_gain":0,"gold_loss":0},{"event_name":"Duplicator","player_choice":"Copied","floor":29,"cards_obtained":["Offering"],"cards_removed":null,"cards_transformed":null,"cards_upgraded":null,"relics_obtained":null,"potions_obtained":null,"relics_lost":null,"damage_taken":0,"damage_healed":0,"max_hp_loss":0,"max_hp_gain":0,"gold_gain":0,"gold_loss":0},{"event_name":"Bonfire Elementals","player_choice":"Offered Basic","floor":36,"cards_obtained":null,"cards_removed":["Bash"],"cards_transformed":null,"cards_upgraded":null,"relics_obtained":null,"potions_obtained":null,"relics_lost":null,"damage_taken":0,"damage_healed":0,"max_hp_loss":0,"max_hp_gain":0,"gold_gain":0,"gold_loss":0},{"event_name":"MindBloom","player_choice":"Fight","floor":38,"cards_obtained":null,"cards_removed":null,"cards_transformed":null,"cards_upgraded":null,"relics_obtained":null,"potions_obtained":null,"relics_lost":null,"damage_taken":0,"damage_healed":0,"max_hp_loss":0,"max_hp_gain":0,"gold_gain":0,"gold_loss":0},{"event_name":"Mysterious Sphere","player_choice":"Fight","floor":39,"cards_obtained":null,"cards_removed":null,"cards_transformed":null,"cards_upgraded":null,"relics_obtained":null,"potions_obtained":null,"relics_lost":null,"damage_taken":0,"damage_healed":0,"max_hp_loss":0,"max_hp_gain":0,"gold_gain":0,"gold_loss":0}],"boss_relics":[{"picked":"Pandora's Box","not_picked":["Runic Dome","Coffee Dripper"]},{"picked":"Black Blood","not_picked":["SacredBark","Empty Cage"]}],"damage_taken":[{"floor":1,"enemies":"Jaw Worm","damage":13,"turns":2},{"floor":4,"enemies":"Small Slimes","damage":8,"turns":2},{"floor":5,"enemies":"Cultist","damage":6,"turns":2},{"floor":7,"enemies":"3 Louse","damage":20,"turns":3},{"floor":11,"enemies":"Gremlin Nob","damage":26,"turns":4},{"floor":13,"enemies":"Lagavulin","damage":6,"turns":4},{"floor":14,"enemies":"Exordium Wildlife","damage":7,"turns":4},{"floor":16,"enemies":"Slime Boss","damage":14,"turns":7},{"floor":18,"enemies":"Shell Parasite","damage":9,"turns":3},{"floor":21,"enemies":"Chosen","damage":6,"turns":3},{"floor":22,"enemies":"3 Cultists","damage":49,"turns":5},{"floor":23,"enemies":"Book of Stabbing","damage":14,"turns":3},{"floor":27,"enemies":"Chosen and Byrds","damage":13,"turns":3},{"floor":30,"enemies":"Slavers","damage":40,"turns":5},{"floor":31,"enemies":"Snake Plant","damage":23,"turns":3},{"floor":33,"enemies":"Champ","damage":61,"turns":7},{"floor":35,"enemies":"3 Darklings","damage":18,"turns":2},{"floor":37,"enemies":"3 Shapes","damage":14,"turns":3},{"floor":38,"enemies":"Mind Bloom Boss Battle","damage":32,"turns":8},{"floor":39,"enemies":"2 Orb Walkers","damage":25,"turns":3},{"floor":40,"enemies":"Nemesis","damage":28,"turns":5},{"floor":44,"enemies":"Jaw Worm Horde","damage":25,"turns":2},{"floor":45,"enemies":"Spire Growth","damage":22,"turns":3},{"floor":46,"enemies":"Reptomancer","damage":23,"turns":4},{"floor":48,"enemies":"Maw","damage":35,"turns":6},{"floor":50,"enemies":"Donu and Deca","damage":75,"turns":8}],"potions_obtained":[{"key":"Explosive Potion","floor":1},{"key":"Swift Potion","floor":5},{"key":"Swift Potion","floor":11},{"key":"LiquidBronze","floor":13},{"key":"Block Potion","floor":14},{"key":"LiquidBronze","floor":21},{"key":"DistilledChaos","floor":22},{"key":"Swift Potion","floor":31},{"key":"DistilledChaos","floor":33},{"key":"SteroidPotion","floor":39},{"key":"DuplicationPotion","floor":44},{"key":"CultistPotion","floor":45},{"key":"Energy Potion","floor":46}],"relics_obtained":[{"key":"Regal Pillow","floor":9},{"key":"The Courier","floor":11},{"key":"Gremlin Horn","floor":13},{"key":"Bag of Preparation","floor":20},{"key":"Ornamental Fan","floor":23},{"key":"Eternal Feather","floor":26},{"key":"PreservedInsect","floor":30},{"key":"WingedGreaves","floor":38},{"key":"Lizard Tail","floor":39},{"key":"Mercury Hourglass","floor":40},{"key":"Vajra","floor":43},{"key":"Nunchaku","floor":46}],"campfire_choices":[{"floor":6,"key":"SMITH","data":"Pummel"},{"floor":8,"key":"SMITH","data":"Armaments"},{"floor":10,"key":"SMITH","data":"Carnage"},{"floor":15,"key":"SMITH","data":"Berserk"},{"floor":24,"key":"REST"},{"floor":32,"key":"REST"},{"floor":41,"key":"SMITH","data":"Rupture"},{"floor":47,"key":"SMITH","data":"Fiend Fire"},{"floor":49,"key":"SMITH","data":"Offering"}],"circlet_count":0,"win_rate":0,"killed_by":null}